TransactionID,Buyer,Seller,EnergyType,Quantity,PricePerUnit,TotalPrice,Timestamp
T-00001,0x287d48d90e7eda280b0de4286f4708cb42f99a6f,0xd9e35c983df38372ca2c7a7a076de944d1a37d41,Hydroélectrique,822,0.09,73.98,2024-12-18 16:17:47
T-00002,0x5444b08ac22bb5f9afba911e6c70d7fafb096766,0x0907962ba57bcca74dd1cb7888849e46fd70abf4,Charbon,2659,0.072,191.45,2024-11-29 16:17:47
T-00003,0x0f02cea29d236967a6bdd124976302a23e5b559b,0x11dc17b298ee244a9557d93603930cbc53f4d270,Solaire,2585,0.18,465.3,2024-12-08 16:17:47
T-00004,0x79610c7b6884eecd4f409fab82215f99d87f26ad,0x1725d5df472efbf160167e15e88f76d86e5b3590,Gaz,621,0.108,67.07,2024-12-23 16:17:47
T-00005,0x2c5940bc0b7bc3aeb480d404edea2ab7f7ad38cf,0x08e37a5bfab52e7919f6867533d0facf9cc70654,Charbon,1424,0.072,102.53,2024-12-14 16:17:47
T-00006,0x76c1cf0c1de08f50e566569fb0f74c35939d2702,0xa90af5c47daaa9149f90df043ed3136aad3cfada,Éolienne,6648,0.135,897.48,2024-12-01 16:17:47
T-00007,0xdd317781652962cdd2009a637fd5fda858a6e8c6,0xb069834159b6cc6ef49d5afc66f049b792862fde,Éolienne,4584,0.135,618.84,2024-11-30 16:17:47
T-00008,0x6efe1ac3d65e348695915617247ab5d63f77f16c,0x4ab92f08a6571a75b63e352786a09092206e1eef,Charbon,1125,0.072,81.0,2024-12-20 16:17:47
T-00009,0x5a8ec5392343f78e6da656b33bcdc04f11da5e07,0x48425265cf76f91297caca2117f3f115f616b282,Gaz,8117,0.108,876.64,2024-12-15 16:17:47
T-00010,0xa94381bf486dbee89b70d93ca67ee22ca33da560,0x2865b7ac85474e392e0df0be0bbb91918572f485,Gaz,7233,0.108,781.16,2024-12-09 16:17:47
T-00011,0x6205a4437f8490ab0deb95007105efba80422cec,0x053ad1e0ecb088580e1e0bc162e088ce606e15eb,Hydroélectrique,6150,0.09,553.5,2024-12-08 16:17:47
T-00012,0x9ff8572bd18c3efb7c975500a306a6b01be2b072,0xa93bcdec4600be25d779436254d601ce9af74308,Gaz,9663,0.108,1043.6,2024-12-17 16:17:47
T-00013,0xc188c047ddf100ad6c480582341dca027dfa633f,0xa50233757c931aab72f21c1e21afc0d970b77951,Éolienne,2851,0.135,384.89,2024-12-05 16:17:47
T-00014,0xec7f544121776df787e4d0ec6596f44308760fd3,0x8518d2dcfd6a22778c25df3c5d11b520d7061ff6,Gaz,2649,0.108,286.09,2024-12-07 16:17:47
T-00015,0xb647dc210f0c59cfc01222693772386a05d26d01,0x56d3e28277040e6ff28e1632b1abe5e172cfa9d4,Gaz,180,0.12,21.6,2024-12-24 16:17:47
T-00016,0x128ed02c44a6603cf4aa57a116d7326f2c3476cc,0x6b3269727fc0ae756d1c33350e734147adf11c75,Gaz,8154,0.108,880.63,2024-12-08 16:17:47
T-00017,0x58602a9f06b938015fadbb73be650eed26e28b4b,0x276b3f04832364c9f181f23e344e9ccbdd32ad54,Hydroélectrique,407,0.1,40.7,2024-12-17 16:17:47
T-00018,0x4132955ca87f677355416a6b657f9a788ddbaebd,0x3f5213c30f90cab46fc7fdb9ebda29e780e5ba99,Hydroélectrique,6093,0.09,548.37,2024-12-12 16:17:47
T-00019,0xf104766a8cb61d769678be090691445add0eab61,0x4e461d7cd5e3bf7ecdc4b4886bd325fe5123db92,Hydroélectrique,3004,0.09,270.36,2024-12-11 16:17:47
T-00020,0x001414b44dbfc04b9155e6b037eec809aacaafc5,0xbf3d3f90d455383c4d30fa54997529c3f7a85a7b,Gaz,21,0.12,2.52,2024-12-10 16:17:47
T-00021,0x95e68e40a6a35fd0af72b8b27d319706cfe0c7ab,0x202f510595c36202016af9a3b8db02a06a8914e6,Éolienne,7814,0.135,1054.89,2024-12-02 16:17:47
T-00022,0xad239796a44db90448714249110edaa707a2d18f,0x74691cab2714d7c2c22964b4c8063fc947367e74,Gaz,1345,0.108,145.26,2024-11-28 16:17:47
T-00023,0xa89e37f14793b682571b03fd069f711ae5187cc3,0xf345c006a2d77487e4396b88dc802aefbdd1d371,Éolienne,5056,0.135,682.56,2024-11-30 16:17:47
T-00024,0x1db22a3bcb02945b19470ff868fb14b05bc787f8,0xd1640ef590508592446dc72f4e7620ec121a1547,Gaz,6320,0.108,682.56,2024-12-05 16:17:47
T-00025,0xed999ed3a5873a70832cfb8ccb7ff5ee2b935a55,0x17bdb9e8c63324c35f2d960e9138b91395c06d2b,Hydroélectrique,8587,0.09,772.83,2024-12-02 16:17:47
T-00026,0xe452b1478fb48e09c9df0856c12f4648bca56958,0x0d613e4280ca31e83623bc387ef3ed3326be9248,Hydroélectrique,7632,0.09,686.88,2024-12-09 16:17:47
T-00027,0x902499901e35a0fd390cf1a000590d5fa5382b96,0xc17a7ebc99c9582c8a2d6f06e1d64fd4bb5007e0,Éolienne,3152,0.135,425.52,2024-12-23 16:17:47
T-00028,0xa1a66d141a898082242bc895e597ff626c7a257b,0x9242da67a485b6b985f7366980b6666e9c8e250a,Gaz,2882,0.108,311.26,2024-12-22 16:17:47
T-00029,0x74982fed2d16692ef9b165c176b7d19602cfd34a,0x7e4cfbb5da94c257cb4a3a9c31bd7396ed65e8e3,Gaz,9800,0.108,1058.4,2024-12-04 16:17:47
T-00030,0xf4588f566756dfa8230697846de79cbca6f71f88,0x22c5456b5bcf8a4b520d4332d3b0adfe4a1aa675,Hydroélectrique,8155,0.09,733.95,2024-12-12 16:17:47
T-00031,0x316e19898cf0b5adb0413684c8fa22ac1e379273,0x8496f3b36d9abe79d18d493d2d84d64006e3601b,Éolienne,555,0.135,74.93,2024-12-10 16:17:47
T-00032,0xa27f6295937514f5c13d292e73d4bf1a59bf1f31,0xb2bc205c418b14de77606f9fecd7292e18802423,Éolienne,5983,0.135,807.71,2024-12-11 16:17:47
T-00033,0x8f43b0a5b08752950a7a72baf2bdcac87b5cf6c6,0xfd8f46a9d127e63b4f59b6c4e17ba52a8b5949ea,Gaz,1581,0.108,170.75,2024-12-06 16:17:47
T-00034,0xfd7cf47bdf6896ad4b6da0ad2f33c32155444fd2,0xe59fdfe9d412e1861b0240c65c87a02293bc9965,Solaire,1305,0.18,234.9,2024-12-20 16:17:47
T-00035,0x6f8666eb8dbb0b352cf5f8612f44c0ecba5430b7,0xed5ee91824d086e15181d44075e5d7f9163d3b75,Éolienne,8536,0.135,1152.36,2024-11-28 16:17:47
T-00036,0xdfd7828f61eeff92f9726f5c2a2939125b6bb649,0x98eec380f4eb2718b7cdbbb0d825040a6a504f9d,Gaz,4762,0.108,514.3,2024-12-06 16:17:47
T-00037,0x9d7c348d44d9e0de41adc3891c3efda79de1dc8e,0x0d6e5d254bf135a42bd0ac399addf63772684b03,Hydroélectrique,5241,0.09,471.69,2024-12-23 16:17:47
T-00038,0x60ec0bfcb55a3191b7381288135557cdea203e76,0xdc1e684b03252519da6eae79ef6512199b722ade,Solaire,6439,0.18,1159.02,2024-12-14 16:17:47
T-00039,0x00cdae08a01699684fa9487f9757fde2c6622d02,0x4be55488b2815fb12e5eae6966b0076bd74fa4ac,Hydroélectrique,9171,0.09,825.39,2024-12-04 16:17:47
T-00040,0xfa04738e6f4de2977470cd4158d2e452322be5f6,0xf2756a59c955a92249321c46bcb492935f32ad96,Charbon,5125,0.072,369.0,2024-11-28 16:17:47
T-00041,0x94f194496ebd32df20f25cfbbc4a024a45b26582,0x2c82158dc3491d93a7700115d308902c22ca84fc,Éolienne,3073,0.135,414.86,2024-12-04 16:17:47
T-00042,0xb7228d8dfb0fb0cf6f31c097ef0a378ba9c57af4,0x7348c3980f6ffe3e52896266cdd619967876294c,Charbon,6498,0.072,467.86,2024-12-03 16:17:47
T-00043,0x1c4e924967ad368ed6822a122f55903a80293b9a,0xa712d0277e289d0db63d8c3688ee64b6982ab99a,Solaire,6441,0.18,1159.38,2024-12-14 16:17:47
T-00044,0xf25eaedba4f843826519f1f81530d351a85995a0,0xd868804465ac89cc680c7d7e0f293e2970ab24f6,Gaz,8960,0.108,967.68,2024-12-23 16:17:47
T-00045,0xf7825d5f11929de3522c722c3563ea62e9474968,0xd7eca7462a239cd9d8191556b704e0131ea9ec75,Charbon,8029,0.072,578.09,2024-12-24 16:17:47
T-00046,0x6951b15fc05265a23a4b46e861cde29d8e7ad6b4,0xbc1e24b8d2d23920a2e789c097884b8f2e81277a,Éolienne,4689,0.135,633.01,2024-12-19 16:17:47
T-00047,0x7b316a0b020ee989b6cdb9a166b6b0711be52695,0x534991c8d3cd861f6311cc92593d175a68839bbe,Charbon,7298,0.072,525.46,2024-11-30 16:17:47
T-00048,0x334d69a9418529acd1d8152e7ead61ae1ef1ff48,0x0faae8a33ae97e5acb8ce6a3bfa3c7aa10d5952d,Gaz,9127,0.108,985.72,2024-12-14 16:17:47
T-00049,0x1676bec315a6f688e4c541eed57504986f446287,0x35de81c8fc0f4e2f50fe97b2b4ae5e5945300fd4,Gaz,6297,0.108,680.08,2024-12-10 16:17:47
T-00050,0x585a12fae93cddebf1c5e373fb99d167771a77f7,0x58f65374eec566c443638eb48004f25d8b7ae7dc,Hydroélectrique,9795,0.09,881.55,2024-12-09 16:17:47
T-00051,0xafd3b0f9f3274e43753f3375e27170bd4c3a6cb0,0x8f3e1ce810d4db373c681202d98363e328a0e9bd,Gaz,3320,0.108,358.56,2024-12-01 16:17:47
T-00052,0xb42c3366d6c2dc2743c335b5d1f4d1467a328a57,0xf38f1c78629fee63276f4f7f1674a94484240e8f,Éolienne,7097,0.135,958.1,2024-12-25 16:17:47
T-00053,0x742ee19e977a47dd4630dd97eb1a08c3ea53832e,0x5939f7f68e4ebbcce953db5f2005496412d03fc7,Gaz,2829,0.108,305.53,2024-12-06 16:17:47
T-00054,0x02e2fa8730295ead0dd50925a76d045d5a5df3e5,0x54645077fff11b8a191bbf94239b1e0af5c1c518,Gaz,5022,0.108,542.38,2024-11-29 16:17:47
T-00055,0x59c116f7fd014b2f63f6df7d7ec4237491838513,0x36d38db7c433367f9212c7c6c2b0a9e2e6b34fd9,Solaire,516,0.18,92.88,2024-12-07 16:17:47
T-00056,0xd23797a9a8e4d48a6642b42edf7eb5cd5c7b6925,0x8593cf69db75ca329c4ee3f7f4315bfa35586382,Hydroélectrique,4997,0.09,449.73,2024-12-22 16:17:47
T-00057,0x2dcb56348596b29a70af228585582c76984c5c8c,0x2c47934047ffb5bcae3af953e36746f348c5b451,Gaz,4158,0.108,449.06,2024-11-30 16:17:47
T-00058,0xdf6f0e7caff7c67a594b63e9e880b05dac7f983f,0x3ef8807c71e7b23d4775ea22d586bfefc697eaa8,Charbon,7773,0.072,559.66,2024-12-07 16:17:47
T-00059,0x3cb40c9c713cc307146f74bffb75125407d54453,0x48700339d46bbe40d34350c4d290e37e0d8292da,Solaire,5624,0.18,1012.32,2024-12-14 16:17:47
T-00060,0x72bc0e00a3c4baaf2ca5ba9bf91035c6db477b7c,0x62ec0e9c275b28270bf8dc81b22907fc0ea21201,Solaire,7311,0.18,1315.98,2024-12-01 16:17:47
T-00061,0x70ff5b3ce4d4a911a894fd1945ba12ffca9a4d95,0xa261905a4f988b3f92210d927a11b663e9738ba4,Charbon,2666,0.072,191.95,2024-12-20 16:17:47
T-00062,0x87b50746b8e42c02570e30e4bbdb80773efa73c0,0xa17a89775b5eee6169836912f4cd25ddb6b31133,Éolienne,936,0.135,126.36,2024-12-22 16:17:47
T-00063,0x2205c7b1e51ab540d20596dc65aef90348bdf05f,0xbfd006c6afafe31230d5a394e578e0d555908386,Hydroélectrique,8712,0.09,784.08,2024-12-19 16:17:47
T-00064,0x00706680b5a5fd6f4d4669c555a43c54bca0219c,0x1fe73db8d1153cc47ae947c37be841df69ca9ef4,Hydroélectrique,9121,0.09,820.89,2024-11-30 16:17:47
T-00065,0x76ab2f6b486b19cbcbf5a1b583e73a80cfaee689,0x9d38d550c0fc620911a36831332c96a6b21f338f,Éolienne,1727,0.135,233.15,2024-12-12 16:17:47
T-00066,0x6df86403bdd4d33b4b140ac3babf2b8d66b39422,0xe5210b683d23d77a651479ad74f9e43c4bd35cb5,Solaire,7833,0.18,1409.94,2024-12-01 16:17:47
T-00067,0x08b97b3e796ed2011fbf3ee6a5b1f931cc67ae82,0x701f452e0b0b1751668ae89571bd867c16b2a05d,Hydroélectrique,7675,0.09,690.75,2024-12-16 16:17:47
T-00068,0xb7a98961e885a93c1eaf882ba4123f67c8ea531e,0x91fa06383e45ccf17cc0210e01637e3770aef2df,Gaz,2317,0.108,250.24,2024-12-16 16:17:47
T-00069,0xf22673b17cc735d1e382699ef6de155f0e403f8b,0xf2e00ad61b866e57a9a16aef1733cff58095a333,Charbon,6199,0.072,446.33,2024-12-23 16:17:47
T-00070,0x5ef3d8798190068b5ace94cfeb24d275fed72490,0x9e6ae65067c44af75394f9488cfcd28b314bbad9,Éolienne,5819,0.135,785.57,2024-12-25 16:17:47
T-00071,0x3cc5ae7d7e6ccc88c1a074151060f6bfa9bdc674,0xdb2645c86e21ca20083f10d6e6f0e9aef702592a,Éolienne,2745,0.135,370.58,2024-12-24 16:17:47
T-00072,0xf76e38a70739b9eb6a0dcbe86eafc23175b0617d,0x77d1040b26cf952c659caebeae789afee0d5eb34,Éolienne,4819,0.135,650.57,2024-12-13 16:17:47
T-00073,0x9313303679b1d3c60cdad27b884bcd3b6815dd26,0x89cc7494c9d5fda37d8d0d373efbd94472264581,Gaz,4363,0.108,471.2,2024-12-25 16:17:47
T-00074,0x442402ba2eff53d2b00fc88086c950bed4305a7d,0x01cf8ff02d050edd2204733e6422af4e6f19d419,Éolienne,2886,0.135,389.61,2024-11-29 16:17:47
T-00075,0x72fbc8650f82b725a75ddb2b41a888ce577aecf5,0xa17784906337074072c6ae7ba39cb0e77d26f4d6,Gaz,1904,0.108,205.63,2024-12-19 16:17:47
T-00076,0xb5f30910859532f40ce06073916921efe9ab673e,0x67633cd6b18473acc8460f6e4136361b45c2674e,Hydroélectrique,9803,0.09,882.27,2024-11-29 16:17:47
T-00077,0x010166ea93f6fadff9e90a5dfe6229f22738af34,0xa43bb7e99a547706dc045ed011deb78f72f03be8,Solaire,4565,0.18,821.7,2024-11-29 16:17:47
T-00078,0x76c2cb3f14920e73a8e4c3ae4ce780b619c27c17,0x2c32cdb7ac7871b2e78ee2a0fee57d9e8c359ee5,Hydroélectrique,9721,0.09,874.89,2024-12-04 16:17:47
T-00079,0xf601544367aa1b67ada075eb09ba1218d5a3c1b5,0x8741ef345f2524ed0c9c6ef6bd6915df86fec4c1,Solaire,5231,0.18,941.58,2024-12-17 16:17:47
T-00080,0x1f765f18ea21d8e4c4cf018ef677db97e78eccec,0xe171b2fab708e2e8384ee207d6c64bd5be70ef7c,Gaz,8434,0.108,910.87,2024-12-02 16:17:47
T-00081,0x9a81b2ac80d6ca8e5bafe30177e4d2761417337d,0x04f2c616ff4b7e83042a8e121077eb258368f238,Gaz,7585,0.108,819.18,2024-12-20 16:17:47
T-00082,0xf31ef818451708be80c47c34bb98717b86c4e9dc,0x820c949f8c8203439518b9e4ec12422de0600416,Gaz,8983,0.108,970.16,2024-12-10 16:17:47
T-00083,0xc82119b1a75329899ddecf161a36a95f03defe70,0x9abbf15c6cc8946a5cd20e00f82d12bb033b00e7,Éolienne,6420,0.135,866.7,2024-12-03 16:17:47
T-00084,0x669e91ee3edde521581460ee46ca5739053fab22,0x66cfbff1826f84ccef27bd94df14034962c44340,Charbon,4048,0.072,291.46,2024-11-26 16:17:47
T-00085,0xd33af602ec9fce841d11b9f83f3fcb21f549c64f,0x12d1e697f6ccbf74566c16af8ee009526a803cb9,Éolienne,2804,0.135,378.54,2024-11-29 16:17:47
T-00086,0x50147a76d36567e04b3ccfd7768d500b9c514098,0x4801684c25104643c3b9ea1653a569124c3f51d3,Éolienne,9480,0.135,1279.8,2024-12-18 16:17:47
T-00087,0x1d7185e078adf0583a927045f81178341ac63dcc,0x31a3a723b598e5e2abe3066f62e5478ef89522a7,Gaz,2821,0.108,304.67,2024-11-27 16:17:47
T-00088,0x8becd91039ebdcb2514729c79a96010d45562335,0x98d94eaeb649187aca05912fa978eec6998b3f81,Éolienne,6052,0.135,817.02,2024-12-25 16:17:47
T-00089,0xec2cbed545b27ea29f2fc2e5a4c936593f60c07f,0xcefce73166e14b7ef2580de2c22b15130167e99d,Hydroélectrique,6432,0.09,578.88,2024-12-06 16:17:47
T-00090,0x0c7d2371de3dfd7dcde9813fd764e6af663ff664,0x279198ed72cd69af77ce5d35379b773f5d2a3d91,Charbon,3254,0.072,234.29,2024-11-26 16:17:47
T-00091,0x95d6ad29945a3d57ee9733c28d94ec2fd66b18b6,0x5b42e9d93731e05f49842c89ee1afa51241df098,Éolienne,6403,0.135,864.41,2024-12-26 16:17:47
T-00092,0x16e5a33ca045befa43310a251f665e7f991aa375,0xd80a059dd880d6aacf4b31fb140290fc527b3806,Solaire,5046,0.18,908.28,2024-12-25 16:17:47
T-00093,0x29cfa838d1870a2f2865492c1109f019066cc9f1,0xf214bfa8b7812a5f1c81959ee32758c809b2f342,Solaire,4611,0.18,829.98,2024-12-10 16:17:47
T-00094,0x018b83c5617a5a0a5342eb611a4516400a04d349,0x018b0ffa823d98a3c06ad741b93222ee582e7f01,Éolienne,4997,0.135,674.6,2024-12-10 16:17:47
T-00095,0x5586042255a2debe109554ddbcc322f97935711d,0x81adfa066bcfb07f0b6ad70d76f6fbd9e2068e33,Hydroélectrique,6987,0.09,628.83,2024-12-10 16:17:47
T-00096,0x1d5372f1e2bf510bec55237752d7336fe23f2749,0x84d3a8f8aac4dd8162c613dd47e8a61b4d5d7c7a,Hydroélectrique,3661,0.09,329.49,2024-12-03 16:17:47
T-00097,0x8f499df7aa3f6299cfd1f2ac4c48e235de987dbe,0x9954e09d164a00d06ba9d4eb545b1a738d0e0451,Gaz,7045,0.108,760.86,2024-12-20 16:17:47
T-00098,0xe78c4d597e8f293d768969cdb8bb0bd424c29bc3,0x9a9506878421379c5627a4a51829c546eb6789ef,Éolienne,4170,0.135,562.95,2024-11-27 16:17:47
T-00099,0xaaceab8bc0a46938a336479efd2bd284b22e9952,0x8eabf8da818b224173ad32616bb31133cc55d419,Solaire,2498,0.18,449.64,2024-12-03 16:17:47
T-00100,0x46d9b625d5271045975f15d55207d22bb26f40b8,0x578c2a146ee3773b46e3ed96fdc39d33944bbfbe,Charbon,6098,0.072,439.06,2024-12-06 16:17:47
T-00101,0xc7d9a081212d7e599a15c570a0c947b4aa7a9d3f,0x05e15594c39a7c83d448b1c3b4d38a2aabbca847,Gaz,938,0.108,101.3,2024-12-04 16:17:47
T-00102,0xd028f5a58480ea11938c108a74c4287b7c46dde9,0xfbb835c4a92ba4daceda1e242b72c4c07f407957,Gaz,5186,0.108,560.09,2024-12-04 16:17:47
T-00103,0x34aa9ab3950dc824d3525734d8cc2162529d757e,0x95b32e7b37a5b37eb5c3175f23e51c48e81229fb,Solaire,9117,0.18,1641.06,2024-12-23 16:17:47
T-00104,0xcafffb136b401e2e211c5421ab348be4d9b806bc,0x5741dcdb5d6849fe10a17f51359fc09ca468e3b8,Charbon,3388,0.072,243.94,2024-12-23 16:17:47
T-00105,0x7bf69960c9d6b26aa3be37f6f0ce2e9fb811e4b9,0x2c9fd586be7c28d6426cc801a1d6ccd610c53822,Éolienne,4322,0.135,583.47,2024-12-26 16:17:47
T-00106,0x3c0aff921b238c6811447492a0a5312a5533d6a3,0xaad209734f8dec05fc0e6bdd49cbd8328632bcf7,Solaire,747,0.18,134.46,2024-12-08 16:17:47
T-00107,0x2da5abf7be28430b13329854434af2c50f88c0d1,0xde16b1da8b864540c0f84f731e630ab3bdb2a3c8,Éolienne,547,0.135,73.84,2024-12-08 16:17:47
T-00108,0xf3a25398161e6cf489b7d16d4d1441f6bb1c3811,0x8a38bd3fc9fe2baeed82816c162dbcba498e708e,Gaz,163,0.12,19.56,2024-12-14 16:17:47
T-00109,0x235029dd11225acef21462f93a2b0618cfa36fc4,0xbf4979276c4a7af120eb6c727a87ffb5b486dc31,Éolienne,8869,0.135,1197.32,2024-12-03 16:17:47
T-00110,0x87dbf6f7df3cedea5168eeeff5d4f5e08211eff0,0x351478541db4c322f8846170ebab10bc65fb4071,Charbon,9590,0.072,690.48,2024-12-06 16:17:47
T-00111,0x15f5ee9fc21bb6f755c8a6c63695bc7a2a88a9ae,0x8bdd7ce2ad1f87db097c877187b2834f86f1a005,Éolienne,367,0.15,55.05,2024-11-29 16:17:47
T-00112,0x2b0f28ef872d0997b23c14e36694b6968be05efd,0x789e549f856566492911d345bea5784ae403771a,Solaire,1942,0.18,349.56,2024-11-27 16:17:47
T-00113,0x5eabd9569a16f0d73a38c7e1e89eab08dc2cbdff,0xd778b8bbe41911b1eed0504b8a34d5b6c8239c96,Éolienne,1448,0.135,195.48,2024-11-28 16:17:47
T-00114,0xd1838bf95f4850ebce7dd5b1f4fe37d6032c240c,0x6d08cfa8a89494ce67a223eb12f7e1f8a8d3037c,Éolienne,2503,0.135,337.91,2024-12-09 16:17:47
T-00115,0xf7f18be169872a17fae273451ecbc217a3472495,0x14a33098f48e8595a66f0f36e95be1f07fa3e75e,Gaz,1496,0.108,161.57,2024-11-28 16:17:47
T-00116,0x476ccb21f608c8342097cde985a30589cd66b01b,0x704b4696221efaba8477933dc812848c3abe4f98,Hydroélectrique,6154,0.09,553.86,2024-12-24 16:17:47
T-00117,0x13a841f8b9bc8ba2aa0d9b9eb59a275c6074e77d,0xdf16b722455a86f79c93e3960368b25c5c1e26e4,Éolienne,2837,0.135,383.0,2024-12-13 16:17:47
T-00118,0x203f3e3bb630b4d27768fe9492c77e7c67dea96d,0x55dcd8a80b3b797ec900b4930b5549cb854f7427,Gaz,4551,0.108,491.51,2024-11-26 16:17:47
T-00119,0x051daea8ce56cd6c4f7fe6057aff5f85bef6c76f,0x1edbd0475f0339d37e4f7aab176071a6d140bdf8,Charbon,353,0.08,28.24,2024-11-29 16:17:47
T-00120,0x179b7324a3be11e423f303ec11a18810ba8eb3af,0xd3de6cec69cf1b0be0b2bf584c89db3e7475e232,Éolienne,673,0.135,90.86,2024-12-07 16:17:47
T-00121,0x2dc18ce5a427e9e643bde2380b8370cfc951dd4e,0xc2cde6bbba967fad2c75bfc4c8cdc7b14c248bb8,Solaire,7859,0.18,1414.62,2024-12-10 16:17:47
T-00122,0xf095baf644dededf83c51d4c9ec9b0847862c31d,0x5b6ede854ab363868480bfa1434c076bfff2016e,Gaz,6557,0.108,708.16,2024-11-29 16:17:47
T-00123,0x5f4ef47f6eea664a33784c0469f82068fcb5cc25,0x2924f2e64d7399fa0fbf636c6b94e589f4825f7e,Éolienne,2626,0.135,354.51,2024-12-16 16:17:47
T-00124,0xeddf8a7f7d17eda0ac161484f454fe20dfd2ccaa,0xa2d04407d5d23ac5fe6118f468e749def814d821,Charbon,1651,0.072,118.87,2024-12-09 16:17:47
T-00125,0x69d1a4d3cccc556bbcdbd29946a3969c0826ecba,0x6c6f27cd71fdc360dfb2f22e04c5ad79fa5dd3b5,Solaire,1465,0.18,263.7,2024-12-08 16:17:47
T-00126,0x117bf5c4e5a59d60d1f6244d0147588842c51678,0x5b67c5e5e6107b96737ba6e2d56ccba88357dc80,Hydroélectrique,4471,0.09,402.39,2024-12-01 16:17:47
T-00127,0x9ab7a5491d529816a03fa01f551d8865adef0c65,0x903c31e7af55c209127dd973f01892a393380ee9,Charbon,2649,0.072,190.73,2024-12-04 16:17:47
T-00128,0x2d9cef0292a89bdcec907a88c1dafa24eefc1c51,0x8f747832f294a13c0081bdd3d9abeec5c5ef10ac,Hydroélectrique,1989,0.09,179.01,2024-12-09 16:17:47
T-00129,0x865ce332c825d4f789037089dbccc314259695e2,0x9119556b41dafcaa623594de9bde116724a7ea39,Charbon,6074,0.072,437.33,2024-12-05 16:17:47
T-00130,0xb2c4a62110fd9050dd82169dc1c41b50cbd6e76a,0x4edc82751634fca147d747dffafa4b935449a115,Charbon,7333,0.072,527.98,2024-11-26 16:17:47
T-00131,0x179f79f17e7a6353b4f7b2a435c7a097d3977ebe,0xac1a12ad4f14175cf81017d99544b18ab65b42a8,Gaz,8512,0.108,919.3,2024-11-29 16:17:47
T-00132,0xc99b8bcc0cdcb82534d6814d7efe1e149e7941c8,0x34d3bd72f82cd859a951c14998ac4be4eb5173cc,Hydroélectrique,949,0.09,85.41,2024-12-06 16:17:47
T-00133,0xf3c5b5ff5ab200c7e6c4dce19c3fc95def49cbe9,0x04b8087c4c5e8c70aad6a56aac677ee6ebe18243,Éolienne,8754,0.135,1181.79,2024-11-27 16:17:47
T-00134,0x7c3554736e0d1daf7dec09154833e024a35c4089,0x180368e04a61ce41192439dca697b3d558ca0642,Éolienne,359,0.15,53.85,2024-11-26 16:17:47
T-00135,0x0c9eacec7f7bfc4ab3469eda75bfc64a2966a78b,0x961b6727b7400f26cf7e7efd77606f0f0b306d32,Éolienne,8226,0.135,1110.51,2024-12-12 16:17:47
T-00136,0xe352fad367b90d4bccf8a536ce807d6eed9e62c0,0x76bdad63d2c3f28faca82b4269afa221ce0d7001,Solaire,4813,0.18,866.34,2024-12-12 16:17:47
T-00137,0x22b3d321c7b4e525275ba2d2c798832c3436e64a,0xb396b478b71b278e72fc74cfd2b0dd21c8c441d7,Gaz,7374,0.108,796.39,2024-12-19 16:17:47
T-00138,0x885d3d920437e79f1332d2008a491c1db1f24a54,0x5367d8cdfbe8dc83758dfecdcf8f182447195b8b,Solaire,451,0.2,90.2,2024-12-20 16:17:47
T-00139,0x1d9522330c69eba8aa3e302bb67a5d856476b694,0x55df2d28569768ffc84497d8050b7c264cb608d4,Gaz,9715,0.108,1049.22,2024-12-06 16:17:47
T-00140,0x70407d8c3d6cc5342f8248fa307abbdea15f0275,0xddc5f77163d07015e32041cdb3508ecb9ec31f6e,Solaire,2912,0.18,524.16,2024-12-25 16:17:47
T-00141,0x60706076c0f5f79e48e9291ba9617be38f72c2ea,0xef7ad6bd872e7c36c2e0b2d253ac2c365b3bcc95,Solaire,8180,0.18,1472.4,2024-12-11 16:17:47
T-00142,0xb4fdc5e44b427bf06402b0fd8db7579a36464881,0xc8a912c1ad21f0719ecfc265544c32bc0ced45e4,Solaire,8671,0.18,1560.78,2024-12-23 16:17:47
T-00143,0xe607fae5fab3651b8ea8b5ddfe9103f409cb056b,0xaa8f524adecfb7d2b1dcb7adc00b8f23c5a6d2a6,Hydroélectrique,4528,0.09,407.52,2024-12-24 16:17:47
T-00144,0xcb9fe5c849c7e190cd3da89c3128290921bcfc91,0x66dd10e7f12bf4615428c73436cacc36b1bb03ab,Éolienne,7669,0.135,1035.32,2024-12-22 16:17:47
T-00145,0x57814e55324c77bfa821cd464d0dc05c92d8a2c5,0x562fc3b68416ff5d1798f45247a97f6885055832,Charbon,6811,0.072,490.39,2024-12-20 16:17:47
T-00146,0xb760c15c0c04006852e79a81369eb5eeb2d208df,0x64908ea1808764a1fd2825b38570c92cde598061,Charbon,2453,0.072,176.62,2024-11-29 16:17:47
T-00147,0xb35069909cb75503dc333500372a63a67959a1c5,0x8d32e6021304ce619f2e756787a4c1f1fe823b04,Éolienne,7003,0.135,945.41,2024-11-26 16:17:47
T-00148,0xeac7a33132855dec69089c44726c6b45782674d8,0xcec44b52c3adb7fc08044233d51f7565b62e6ca6,Hydroélectrique,6069,0.09,546.21,2024-12-11 16:17:47
T-00149,0x5c52ceaccc4b06439a19443fd16880499925a82c,0x87675c2b7fd83a99deb68179730c45b5834b8feb,Gaz,649,0.108,70.09,2024-12-14 16:17:47
T-00150,0xded5f8b0442a04ea81b1f5ffc4fffe4f128e81d4,0x5fe7fd10175a32f6e348be1bba5c792d7f4e5dba,Charbon,1197,0.072,86.18,2024-12-21 16:17:47
T-00151,0xbff789c2787603b64800ea094f1a61ca9f8a9737,0x06a07eb50ae71e3d417501699a740bce970a1f57,Solaire,9701,0.18,1746.18,2024-12-19 16:17:47
T-00152,0x17ac105c82dbe5524d0296783500860be580501e,0x2c3ea7727dcd00c0bcb7bf7a40880250e7b6ac07,Solaire,187,0.2,37.4,2024-12-23 16:17:47
T-00153,0x4cfea6027a8a3a672409f239160454fc91382664,0x155676291a51cbd9574a1bad6523d28233bb3449,Hydroélectrique,7512,0.09,676.08,2024-12-25 16:17:47
T-00154,0xa38a355afefd48c2039adfe3f5249f6f391aeec8,0x17826a8f22629ea172ac565b23ff874ce3f62292,Solaire,585,0.18,105.3,2024-12-15 16:17:47
T-00155,0x35b73c3251a56a0ebedaeea085dbbba823cfb5b1,0x6c69aa0678ebe9ea41469eb475b0a113d4203c4e,Charbon,4465,0.072,321.48,2024-12-10 16:17:47
T-00156,0x0c8068d91355b2952811822661950889122d5bb2,0x58df2033f76d3ebbb2aaf0c38b79c5c0678f053e,Éolienne,9462,0.135,1277.37,2024-12-19 16:17:47
T-00157,0xb0d0047d2adc84f485725d2224f3fa0b7ea70fe5,0x12fa564359d75da733322b3486b1def2bf3c7f4e,Gaz,8642,0.108,933.34,2024-12-03 16:17:47
T-00158,0xfaff85988d0bdcb0b554c2381e10181855de1449,0x7c33871864bedf4d96fdc79d0d39d4fa4e2ccdd7,Gaz,8661,0.108,935.39,2024-12-18 16:17:47
T-00159,0xc2da5df67eaf2c627abc80ed22018bd8effa809d,0x90c8af14ea630f31cca7a6f9bfbad1234f784d04,Gaz,1612,0.108,174.1,2024-11-29 16:17:47
T-00160,0x962153f6fc2872727d6430983b3a52d031841e68,0x180b3e678b367e687da80d7da1c3fa7c94a06a25,Solaire,7121,0.18,1281.78,2024-12-26 16:17:47
T-00161,0xe1a01146c7b7c259e7ccbaa604e43ca050947b36,0x5d02833654ba2fc5179379ab6d603f4e35354576,Solaire,3237,0.18,582.66,2024-12-07 16:17:47
T-00162,0x4575bd708b9b7d3a37174e4818dc7dab4b628bd3,0x5b7fe29098203e9f5d300892b0dd5c5ae5b12549,Solaire,8041,0.18,1447.38,2024-11-27 16:17:47
T-00163,0xcef9056f0d636a14feb8cdea2683ae309d773eca,0x4f56d217d8fc1da8f818dbee73318ef0266eb887,Solaire,2120,0.18,381.6,2024-12-15 16:17:47
T-00164,0x7b22001f34fff4647ec8172a4ce30eeda8facb1c,0x1176f5ed85f1a96e1222c2f65060df3c7677143c,Éolienne,454,0.15,68.1,2024-12-08 16:17:47
T-00165,0x33747f7a8f6c0675957ef511cb7f28afc5311dfa,0x7f49719a2d1e3bd64723a3bf7de8f58473973419,Hydroélectrique,5999,0.09,539.91,2024-12-13 16:17:47
T-00166,0xba5475a5cf0e483005bebab6ffc3d731dd3559b2,0xe0dd807f08f16d29dbabfd8b0598e1771fefffcc,Charbon,651,0.072,46.87,2024-12-10 16:17:47
T-00167,0x39d4957100db0555294f44aff0fcdbf9fc7c4f9d,0x39370913fa6c253f8ade748d4fc1f85c91cd58e1,Hydroélectrique,195,0.1,19.5,2024-12-10 16:17:47
T-00168,0x2e772ff8d6aa466f024d73d47c6f174afdb4280e,0x05895a4d3bdf131bba08b1115ef5f04ee6f972f0,Charbon,7356,0.072,529.63,2024-12-10 16:17:47
T-00169,0x6a001c78fe29f59f16708de6f7a9db893d1c8f8d,0xb3671d5207229d3e1549cae4f4235040c78a0179,Gaz,2437,0.108,263.2,2024-12-05 16:17:47
T-00170,0x5b64067bd4d0e1386a31db72e32fa0bac941bcc5,0xea8e6f653f1f6b8180eb1620e6c4447a0a335304,Charbon,3941,0.072,283.75,2024-12-07 16:17:47
T-00171,0x9495e5b8ff840ec9fcf35459135a4e6d0f07ddb0,0x9e6b2d2eed84975b33c6312ef2ad1da448136d8f,Éolienne,701,0.135,94.64,2024-12-13 16:17:47
T-00172,0xe868ecf135f5e4e7a2b67a38b0e96978ff129feb,0xf3f50e2ba3f25213039076aefe91ac5bd720c590,Éolienne,1589,0.135,214.52,2024-11-27 16:17:47
T-00173,0xe4f4f2b5413873d152961bb3142b079fcb80457a,0x2ab0af6001dbfc1d6f69c49cf911283d3b496110,Gaz,2480,0.108,267.84,2024-12-08 16:17:47
T-00174,0x5b43baad93f7babde80583a2850b9da4cc941ea1,0x566a8035b2c7c9d2316f1c2457f8ee04db9a17bb,Charbon,5412,0.072,389.66,2024-12-18 16:17:47
T-00175,0x8767afbf9d5c6d92697b1743b293655bdf763109,0x9cf4f3bac3411b5c59a687f86ed442e42037d34e,Charbon,2332,0.072,167.9,2024-12-18 16:17:47
T-00176,0x4af05b4e20bab164c9bcf07df426c48ca728ca11,0x1c2a9e0cb0dfa6801ffe7b74919b668a0276b9c3,Hydroélectrique,1081,0.09,97.29,2024-12-26 16:17:47
T-00177,0xa4713eb56a483bc0ee105796e25101f3c791aaea,0xfbdea3b9426848eb6590589ea64fcc989bbd7a30,Éolienne,4520,0.135,610.2,2024-12-02 16:17:47
T-00178,0xd6662d471e3d119c1ca1b960d1a8cb3a19b968c2,0x007d0f8e084b09060ff8c051aa8b9b05779ae74c,Hydroélectrique,8571,0.09,771.39,2024-12-10 16:17:47
T-00179,0x2201069d1552621e79fe9f2c8c85381867ef1cdd,0x75cd69bd2b7dafe49dbddd26cf5323ee8ee9b483,Gaz,2614,0.108,282.31,2024-11-30 16:17:47
T-00180,0x48d169db4f0b313f614fc84c4ad381042846b48d,0x3ec5ff274ed8efbbdba39aef8cc3944b003b1ff3,Hydroélectrique,9872,0.09,888.48,2024-12-17 16:17:47
T-00181,0x6d68a3ac7c0ce24313439eb97e3aa798cb8cdfc6,0x323d6115971700844ef8402d30bac8b2189faa3a,Gaz,2275,0.108,245.7,2024-12-26 16:17:47
T-00182,0xde3dbe086435daa2ecb75bda2e098670dba3ffd9,0xc9c99faf8a62e57836df8052637c2b5788a3a7c0,Éolienne,5507,0.135,743.45,2024-12-21 16:17:47
T-00183,0x0a933d96574392a00b057dda96722e2d30815ddb,0xedf2419504ae5f2b9741d5aa680109498d188454,Hydroélectrique,4407,0.09,396.63,2024-12-09 16:17:47
T-00184,0x24fdaa865d7de1e2d72d8781dfb1e6475068cfed,0x104aa1da848577bc04054f4df54e9c68289840e2,Hydroélectrique,3426,0.09,308.34,2024-12-14 16:17:47
T-00185,0x71b32039071af7b73ebeb9f4ce516678126f86fd,0xe76b909076361382c48e636c493672d617e58995,Charbon,5820,0.072,419.04,2024-12-19 16:17:47
T-00186,0x1fd6bbd1e0246dad4ba81f557f9e4667fee3fc2d,0xdc022aea15b94e67122071b5fb002849400d2056,Gaz,4995,0.108,539.46,2024-12-14 16:17:47
T-00187,0xae97493d9304fe3bb93e8b2a225cb56640b0fc05,0xdcf12ba14bce39f56ef0075e90025680c7b16285,Solaire,1891,0.18,340.38,2024-11-26 16:17:47
T-00188,0xb8e1b56bb950bc6074aed149a543bea8f50243b8,0x5949fe5cdf8d92e365cac5ab1b14c252141e52db,Charbon,8263,0.072,594.94,2024-12-22 16:17:47
T-00189,0x0a00c03536d3bd4bce55013009be577dc0dc4fd1,0x1078f2e65a249a72694d79728ee08cd71a20616d,Solaire,8604,0.18,1548.72,2024-12-01 16:17:47
T-00190,0xc0c8d5e756790505de607c6449fc4788f8356aa6,0xf2f68463dd9442696a82930dc86cfd6fd5e91459,Éolienne,5170,0.135,697.95,2024-12-19 16:17:47
T-00191,0xfa390a9f857cd51eb67c7255653a17a32ac3c5b1,0x8342d51421200d70c492c5f7b20902490370720b,Gaz,5516,0.108,595.73,2024-12-05 16:17:47
T-00192,0x864963250c40b1f7fe572adf2cbba4ca7f6e854e,0x712206941663e5105a981139574419f42277def8,Solaire,4683,0.18,842.94,2024-12-12 16:17:47
T-00193,0xa5b004f66643aefce430ee1eb344487baa22a277,0xc8a6cee95715663093e2aab8a7cd2f277a1e7011,Gaz,3269,0.108,353.05,2024-11-26 16:17:47
T-00194,0x6b168535a618bc448b002e01bb15dc4e9e743b51,0x9e8ab2bcf3cbd1972b154bb37e7f5ecc589f72bc,Hydroélectrique,7932,0.09,713.88,2024-12-13 16:17:47
T-00195,0x620e23505f956d415808abf5a0f64b44f6500d47,0x0a0b3948d5b84c9d8efc24072e473dac6cf5ae4e,Charbon,94,0.08,7.52,2024-11-26 16:17:47
T-00196,0xfdd83f83b178e060aedb22a88642c657ac8d9bcc,0xf97883e6e185ea45f7341488b58dbc5d9893341c,Charbon,7468,0.072,537.7,2024-12-26 16:17:47
T-00197,0xe457d3e4cbde2b326da6c0ec718776599be140ad,0xa8849cb784a5fe1bae9f7ea00aef1954c1adbe35,Éolienne,3422,0.135,461.97,2024-12-12 16:17:47
T-00198,0xd38d85c081979bf65e865c489e8551c209ac4822,0xb378858f1f71c2c85b4fd827da160182546c24cc,Hydroélectrique,8095,0.09,728.55,2024-12-08 16:17:47
T-00199,0x0c0e3be309813eeb5024fefb4d4eaf3cc2195012,0x227c0f701caee53409ee3b6da7c197abc07c8b4c,Solaire,3710,0.18,667.8,2024-12-13 16:17:47
T-00200,0xb2a9b3ee7feb2f53c5e7339228ea6598129a196b,0xa8cdb228af849f95c1947280eb408d11399cdd11,Solaire,3436,0.18,618.48,2024-12-10 16:17:47
T-00201,0x3bbe77951d3a3c3cefb4e7caac1ca7a8eed4aea8,0x59624a0912a393da228a484c25146747fef313bf,Gaz,1771,0.108,191.27,2024-12-10 16:17:47
T-00202,0xbe2cc9497611f7f3714eb97c0dcbba97effc0442,0x90c2264a3880985bf5b67a7bde156c6cbf5f9e44,Solaire,9494,0.18,1708.92,2024-12-07 16:17:47
T-00203,0x2f053ea004dd5a3c7d0723ffe6fe2a4c51ce01e4,0x27e97ff33f34e7ea6b14e463cc9fd36b15e9e7a7,Gaz,9924,0.108,1071.79,2024-12-01 16:17:47
T-00204,0xe99631b3dade55806d981330bac23131695a5e62,0x3734f54f4fc86c95df2c81ca0e07e07ae7ddc47f,Charbon,5737,0.072,413.06,2024-12-22 16:17:47
T-00205,0x16b894128ef6183e5c448275c1ab8c13927969ef,0x26ebe551c4793e43fe46684b24a6d66012da044d,Charbon,5175,0.072,372.6,2024-12-18 16:17:47
T-00206,0x6038b7eb5c05f27dbcff7a7d09070affa531b3f1,0x40c8e228985c457684d2796535d93aa075ab971b,Charbon,3616,0.072,260.35,2024-12-06 16:17:47
T-00207,0x68841417d2e427ff4376a84f211685208c023202,0x2e72ddf6af08e55008a08f097d00fe89b95f5eb6,Charbon,4596,0.072,330.91,2024-12-02 16:17:47
T-00208,0xf89a231390f5a5d6ec8970bc163577c9380fa493,0x2e2959cf881209861d87683fdbad78f4ad7ec1c8,Gaz,2663,0.108,287.6,2024-12-22 16:17:47
T-00209,0xf3e2295e4ac899c9a9cf5ce5f826afd6f7f63aa8,0xf3bfaf265ed0235d49ef945d8572bf1027c9feaa,Éolienne,1461,0.135,197.24,2024-12-15 16:17:47
T-00210,0x13c63c9a0c7085137da9c8d74e9d794c8ebd46b3,0x2f718aa6bd12d140a0d3ec84cb2142ff33159873,Éolienne,8376,0.135,1130.76,2024-12-09 16:17:47
T-00211,0x18775aef725a348fecaf4cd41129506241a29215,0x9c5d669fd418235f0bc997bcf1a921d87a8cdfd9,Éolienne,2809,0.135,379.22,2024-12-01 16:17:47
T-00212,0x3f6c96cc685f038a8c9ca4508f8045885a3abac0,0xc57cecca48a4f4737b0014dc5ee2b496360e30e2,Hydroélectrique,1155,0.09,103.95,2024-12-25 16:17:47
T-00213,0xd6a3c06462c75c846211a5a8145ed66ec73ef779,0xbc639189686587fd6a46571427eeb9ef3ccbfd24,Solaire,1368,0.18,246.24,2024-12-15 16:17:47
T-00214,0xf26951e0c3da5ee860c811fa81f8384d57c05d8a,0x9836ebf39e3c70644a9464054be0ae3338c2e0d1,Solaire,1898,0.18,341.64,2024-12-21 16:17:47
T-00215,0x80a19bdc5966a1dc445e4f6c5eabb4f02c8b8251,0x378040dbaa0630e7f9fe57193fe3d2bbef0bfada,Hydroélectrique,9955,0.09,895.95,2024-12-17 16:17:47
T-00216,0xb44f13af75cbd9072148146eb93f2f1fcedfc78a,0xacecca04fdf4c51a4158874ef571ea1503981a45,Gaz,989,0.108,106.81,2024-12-02 16:17:47
T-00217,0x431a7806ad8cfc50dab6f76475df6b5cabbf764d,0xd271a0b5acf81e36d6ff17d698dcb854aec6694a,Charbon,3787,0.072,272.66,2024-12-21 16:17:47
T-00218,0x0d3bb7422f76f8e1a2055058043ae99e540b27d4,0x6ec9b171a02fc350705281cc817cd67d3018b4d2,Hydroélectrique,8706,0.09,783.54,2024-12-23 16:17:47
T-00219,0x7512ed5bf8912f6e2f4e8bf4a9d7ac50452b39e9,0x7d70b5c8bf2345fde8bae478370f657f42e1189f,Hydroélectrique,2173,0.09,195.57,2024-12-03 16:17:47
T-00220,0xa05c37c4b20db5986103042a29f8365c736f8363,0xa02e828819e55dafe3abce80e5674b6b66c924c8,Charbon,1385,0.072,99.72,2024-12-05 16:17:47
T-00221,0x71a66eb05610e51071cc1a9880e5a5e7f956f547,0xfb009a82733bb18223be8eff7016dbe9c13c7343,Hydroélectrique,2112,0.09,190.08,2024-12-13 16:17:47
T-00222,0xc67fc8110a9e544cd1287f32abf741d2b3e4e001,0x8a97e78a5ffc45b7155a202b159fdc05fa74e7be,Gaz,6114,0.108,660.31,2024-12-11 16:17:47
T-00223,0xd776e065efcafa1d41205e476809a66ba7b47f26,0xf8a8e48f2fdb4ca0ff00980ceeeaaa5b115a9533,Éolienne,6579,0.135,888.17,2024-12-25 16:17:47
T-00224,0x20c350707e88ad0269aa27a098758a5dd66b04a1,0x6d87e5ee7b8c813756b15a151e69dfe22c1c1702,Charbon,2219,0.072,159.77,2024-12-26 16:17:47
T-00225,0x0f0f67d2ff3e2869ab3715d9a6a942e9580e08c5,0xcde15de189e188d5c1723de6c2eb691243c3bf5f,Éolienne,9128,0.135,1232.28,2024-12-24 16:17:47
T-00226,0xeef9b5c72e7a08eddd8b50cc17d316e5604565b1,0xbfca422bb3c13c599f7e6b247c67b6c2ae82a270,Charbon,198,0.08,15.84,2024-12-08 16:17:47
T-00227,0x2533bee2832d6f154ee07939525f8c5f4fd7e308,0xe2b3eab16d072a93359ce9c077588e95fc7dd055,Éolienne,420,0.15,63.0,2024-12-01 16:17:47
T-00228,0x5289fced80d74f2a464f548cdf80f69d112eeb29,0x55ad6112197af620f58b1b9af182cee46222df85,Éolienne,1629,0.135,219.92,2024-12-06 16:17:47
T-00229,0x95a1fc329241868d6dfacd3f9f9f270449a41408,0xeecce87996be62663979ae638d4d0061c36c5369,Gaz,2636,0.108,284.69,2024-12-12 16:17:47
T-00230,0x525db22418d57c89799850dc0ed02bb42516fd50,0x2d5159783604112a5fbbdc7b44433f5593b7b0e5,Gaz,3676,0.108,397.01,2024-12-07 16:17:47
T-00231,0x9d5d70254c8b76f3dff0fd8048e5d35ee81fcae7,0x884ecee42503de6dd72a9d4b01fea44690cdc544,Solaire,2102,0.18,378.36,2024-12-06 16:17:47
T-00232,0x712824d8d78e36af94a20347487adebf14c7571a,0x5c45065bc132f89f880f03690c29bc3285431eca,Hydroélectrique,6975,0.09,627.75,2024-12-23 16:17:47
T-00233,0x787f4d893b2c6a5ab851e402a211d76c109bb392,0x5239daa0f43baf79588ea03d3fc49b3d2c8d8bca,Gaz,4810,0.108,519.48,2024-12-11 16:17:47
T-00234,0xed51e9049ecde3a2736b583de72d9a1076fc546c,0x07eebf354989db0938029039b60a82625fd6711b,Solaire,6557,0.18,1180.26,2024-12-15 16:17:47
T-00235,0x6e0ba481678546eaeb9535a9d37b84def65cdf96,0x61582a9b42fabc338e019065f6a0e27412594638,Charbon,2366,0.072,170.35,2024-12-20 16:17:47
T-00236,0xfe2c23e78e1b75dd890f42d677954f050c14505a,0x726237a8883d2ee888531b20f71fe57998d973f6,Solaire,9717,0.18,1749.06,2024-12-16 16:17:47
T-00237,0x34b449589ea3c7cd949a59fe35f93ac17c2e7f35,0x84864932f7f52f5f65938d4496e5a7928a206d67,Solaire,7168,0.18,1290.24,2024-12-07 16:17:47
T-00238,0x72e49e21cbc1b5030c003cc3e15172b25445d926,0x78f5b4e17f8e3809d8073c022c20dba0b2ebc629,Gaz,7447,0.108,804.28,2024-12-22 16:17:47
T-00239,0x9241b4e38b0a5e39b6aa5853d3d3bf9d8c326872,0x02bde328dac886c5ebd5a4a5fbcda1b8a09a87c6,Éolienne,3761,0.135,507.74,2024-12-04 16:17:47
T-00240,0xf83a820b00f4e93a145bddb2cc5ccf8c1b014bd5,0xb82c7653ebeb2e344b25516ea8e0aabee26b6463,Hydroélectrique,7003,0.09,630.27,2024-12-08 16:17:47
T-00241,0x70782219d1770a4bce1548b9ece02c7a321d14ce,0xaee88353c80387aa5c61f90a6ae47c83287c040d,Charbon,7670,0.072,552.24,2024-11-28 16:17:47
T-00242,0x9ee016e78f344f3b6f57168fcd3b4ddfeaf7603f,0xf16571e75870ce1d83013189b65de2c999bf8ed0,Hydroélectrique,6466,0.09,581.94,2024-12-15 16:17:47
T-00243,0xfee0ce5c0922c1693c2d37a9facd4cea7e5a1b05,0x156e803994660fdc52f3b5554302d9b3d8b6bcb8,Gaz,3160,0.108,341.28,2024-12-08 16:17:47
T-00244,0x440c623722e7008cf318e7b0357ef05907255dc5,0x74830cc7dd6d754df38c5d7eb7724a5299f0caaa,Hydroélectrique,41,0.1,4.1,2024-11-29 16:17:47
T-00245,0xb63c3b4c9b1c11093632206c9f65043ceeb289a3,0xcb52aee7454fc095fa775de71661c66aa2316723,Charbon,7731,0.072,556.63,2024-12-26 16:17:47
T-00246,0x1f3bbd4ba83fcfedfae4a954d52a4960429887ac,0x33e8c7bcb3a509385def6df0ccefbfc2a005b55f,Solaire,7745,0.18,1394.1,2024-12-23 16:17:47
T-00247,0x3bff64a5fd4de822da6cb9ff90bf6b74ca78f559,0x2be175186d711f616d4025097072bb59b5d9d402,Solaire,8252,0.18,1485.36,2024-11-29 16:17:47
T-00248,0xe3157b3bb0fd4bd454c537ad6603d2c37cc46655,0xd97e598c1a2f959b372094d90f18eb909f12c72c,Éolienne,9856,0.135,1330.56,2024-12-06 16:17:47
T-00249,0x5e78f6519dab9655b0302c528de48e209dd73963,0xa92d00b9be73d10de6b0401cb6212e3221e7cdba,Éolienne,5714,0.135,771.39,2024-12-22 16:17:47
T-00250,0x8440e88d6c2be2aa8e8be1d8e0c4d5964268b271,0xa788cdac93166d28e2945d577c074186b3df3a83,Hydroélectrique,5333,0.09,479.97,2024-12-04 16:17:47
T-00251,0xb6f9e0ef3acb7d2f39baf4229a714236ab956507,0x161eb8548833607dfd7ae347e0ce91a73e232160,Gaz,6749,0.108,728.89,2024-12-16 16:17:47
T-00252,0x11934fb12bcde256f0b5cb6db09ec54e8fb922ce,0x4bab5c020c9f85d0de449c7a0f5d4da5f6308bc9,Hydroélectrique,4896,0.09,440.64,2024-12-24 16:17:47
T-00253,0x01b6db00cee0b27cb64720992eef5e05b076c9d8,0xe3eb8f2b7a20c3f764c0c9a9a557e37b5f367c8e,Charbon,5315,0.072,382.68,2024-12-15 16:17:47
T-00254,0x3ac4d6a113500f28b78a4f8c3438d88ec78ee3eb,0x115a4b51f429b36bcfa1872b8758b9b7b06d3c72,Hydroélectrique,2002,0.09,180.18,2024-12-08 16:17:47
T-00255,0x5bd6461f0b4a9011104cc5381735d857d0221159,0x422becede8b7716eb72d25fdf7b07e70abe99e03,Solaire,3200,0.18,576.0,2024-12-22 16:17:47
T-00256,0xdbab662977d941ea859223b59bec33d071820f55,0x9a0a23daffe317ddc6f9e4df3d1fc48f1335e7cb,Charbon,9217,0.072,663.62,2024-12-23 16:17:47
T-00257,0x4b3372a4aa456efedb999564a083aeb50c14a204,0xbae8eedf35269295cbee5c5645716a34b64ddd49,Hydroélectrique,1606,0.09,144.54,2024-12-18 16:17:47
T-00258,0xbb710127f1b137c20ae3249d6a4512515e8a7b8f,0x7ebaa290feb0711465d52b1c1e9a9d699c9c60b9,Solaire,6505,0.18,1170.9,2024-11-30 16:17:47
T-00259,0xd2259f2acd75b051bfccfa4077daec4128e5aedd,0x1a850475571b35982a75a72f3c817a284d5fcc42,Hydroélectrique,859,0.09,77.31,2024-11-29 16:17:47
T-00260,0xdbd6eafa7516a2e5db41315fa8e7aaa0322f46e2,0x12814c751998df069001648efbddc085b402e781,Gaz,7156,0.108,772.85,2024-12-07 16:17:47
T-00261,0x3c4774781defd41008327aa86292b64546f2e41f,0xdfe4abeba52580ddc509a6a21138f2a84e809b5e,Éolienne,4332,0.135,584.82,2024-12-19 16:17:47
T-00262,0x4e1c8f03fc4724e1ec440c34bb883260f02c21be,0xa3036b6c0c5b0e9d816f9c6c46aa71a2c2dc25b0,Solaire,6497,0.18,1169.46,2024-12-04 16:17:47
T-00263,0x73624724c7d7b566e099d602754bc8084bc660e6,0x16776fe0159bbf168583c7c0a6c7008f73284d29,Solaire,2859,0.18,514.62,2024-12-10 16:17:47
T-00264,0xdd787f30e4681a395af31c79f9e5279794494b88,0x7f25698b78742ca1fbacc3e5d9b3a27a77ffae46,Gaz,5169,0.108,558.25,2024-11-27 16:17:47
T-00265,0x76e6e715faddcf30b1eb1d560d2471f73999a972,0x00b0cde8bb7712d5ce1f0ab8eaa876c49ac3f216,Éolienne,6529,0.135,881.42,2024-11-30 16:17:47
T-00266,0xadd18c6925801c092b4c582ff41248a9a1059c70,0xccf802a286286b6aa277f75280771c4ef40a043c,Solaire,1803,0.18,324.54,2024-11-30 16:17:47
T-00267,0x5422ac71d4cdbf31ae477914cd47d61ceed18b02,0x42e03f1663cbbf66d4f0dfa760a775cdf3a86b26,Gaz,9060,0.108,978.48,2024-12-02 16:17:47
T-00268,0x0bebf32a9928e1e3fc29e317848b984b3be065ee,0x6c5980d24f86f3f15aa5b873c6745bae81b5bd05,Gaz,439,0.12,52.68,2024-12-19 16:17:47
T-00269,0xf61f1c260a9b8ba29fc02755bd2911eb7c99344c,0x17b32fb7d2697618b1b496dbc54fe5e405e89091,Gaz,1050,0.108,113.4,2024-12-25 16:17:47
T-00270,0x96c6ad9cc503a4c68426bbd526acbc9c91350b9e,0x04804e7f25b6a134c04f66066c6d92c1e26f7a50,Hydroélectrique,2897,0.09,260.73,2024-12-15 16:17:47
T-00271,0x340e00042182eec4c9c3b7b55241a529cfaa6b0d,0xd9de6c0a5128d77acf04a1d431d37c910a0ba111,Hydroélectrique,5272,0.09,474.48,2024-12-02 16:17:47
T-00272,0x056b9f40b8b3731c6d4b653df8ef0fb7d567a2b9,0x86094e34c99dfea4dc6c2759d8ad373ed619d8c6,Gaz,2186,0.108,236.09,2024-12-04 16:17:47
T-00273,0x86705cf5a037a617ef934d38277cee87e22affbc,0xcc9d79187c4c39123b031f5ed9b4cbcfc12375cf,Solaire,5702,0.18,1026.36,2024-12-01 16:17:47
T-00274,0xef32c5c1d05f65abca68d2ea26144468d74a52ff,0xbb02bc9bdff2c240e6fabffd261d91c415db8f6b,Solaire,4841,0.18,871.38,2024-12-09 16:17:47
T-00275,0xc01a970737f16e93bd153cdac78b877eab581a4a,0x0c9beddb17ffc47e1ac1a8de537a460e5951ab87,Solaire,6054,0.18,1089.72,2024-12-01 16:17:47
T-00276,0xb08714623591c8bc43dcc439df00672dae24a876,0xd36a629f9b1401510c2278f3ec00c290ef7286a7,Hydroélectrique,9352,0.09,841.68,2024-12-06 16:17:47
T-00277,0x1078bb2ed89cc0846b481e94012335a262a0c01f,0xc464291fe2938cdb13ba5248381569d8e99f18ec,Charbon,7408,0.072,533.38,2024-12-05 16:17:47
T-00278,0xa87191aa4b627fad70e2ba05c9c4f070d6c4ba24,0x21690fae5a66825849e8e7c111bd5902024cbc33,Gaz,4122,0.108,445.18,2024-11-26 16:17:47
T-00279,0x1637bdc4b6b8692ff1d5956e1bf26c88dcb1eec2,0x0676fdc25e58840a44352af2fc881c6588b84e08,Solaire,1971,0.18,354.78,2024-12-16 16:17:47
T-00280,0x21032ace2e5c539a69216c6605642b8ed644e093,0xcde91b5a7c5e5a409f97b0e4af48aca3d907d1bf,Solaire,9631,0.18,1733.58,2024-12-01 16:17:47
T-00281,0xe38f163880a822820179dd6c5003c1b9d4d5da38,0xf24e06acd595dc973c622947a26c86c27d2a7cc0,Éolienne,160,0.15,24.0,2024-12-10 16:17:47
T-00282,0x0232e806d1f681470d4cbe4a9a907e3e2e2cc871,0x1c0d25dbf912084e4e3cb61b364ff234fb04e772,Gaz,6445,0.108,696.06,2024-12-22 16:17:47
T-00283,0x1a926cd7db3e296ecc6a82f674e8745b939a2e95,0x6ba5fa545212c7a9dd98185086fbcbe7509ea168,Éolienne,4364,0.135,589.14,2024-12-17 16:17:47
T-00284,0xdbc09ef28a1b6238690cc452b3b9a126f8e9eebd,0x0f87ae28e2329c9e1c5f638c5dad0c999c7edf13,Gaz,3240,0.108,349.92,2024-12-09 16:17:47
T-00285,0x0b3fed83475e1cfb93be5079ecc381636ff6c83a,0xb89556113a38d2a0103201027a0395485d855229,Gaz,9290,0.108,1003.32,2024-12-22 16:17:47
T-00286,0x865e03c9f970db8e171a260079946bb3ae6fd627,0x4968e3f5fa86aababfce2140efc695d4089a8812,Charbon,3138,0.072,225.94,2024-12-18 16:17:47
T-00287,0x7f8d8b73b4dd694d5d660b9faa73ddac64ef57f9,0x1436d0cef50847b4aec7e5b81640c30c300282e6,Solaire,2081,0.18,374.58,2024-12-07 16:17:47
T-00288,0xf52a87a3cccbfe3b9d18ee1d03b7cce3aba03b19,0x3c3b6624a1f4f9720c75676bb3d1c12548346260,Hydroélectrique,8247,0.09,742.23,2024-11-26 16:17:47
T-00289,0x6c6db58cf8bfdba648ce046c1834a4c23dfef9f1,0xf20ea0ee79597a7fe49f9ac817f3c7ed838afbb1,Solaire,3960,0.18,712.8,2024-12-09 16:17:47
T-00290,0xd63a1561b4c2194dd40047bdb62039a261c6896b,0x6eddec4dcd3b5a06f31dd0b8c12da619a6162939,Éolienne,632,0.135,85.32,2024-11-26 16:17:47
T-00291,0x3737b6770328fdbcc54c412a64ccfec2cbc3a955,0xb598eb4bed97159517107c254c672c8e91450869,Solaire,14,0.2,2.8,2024-12-25 16:17:47
T-00292,0x52832e89bde4f673a2afda66bb652130ee566e55,0x198460bd6e59d07268c61c0648d4b952c6609b63,Éolienne,362,0.15,54.3,2024-12-10 16:17:47
T-00293,0xaa952189fdea9b3fb42ef9e613f20e69f92a01a9,0xf0b381b3c8c69a36308d6767757c22dfff7783a6,Éolienne,7410,0.135,1000.35,2024-12-13 16:17:47
T-00294,0x23ccf9553084c51b29214dc99cdc41b194d1241e,0xbdae4feef8177985ce31f8fd324812b7829e85f5,Solaire,8978,0.18,1616.04,2024-12-24 16:17:47
T-00295,0x58125d2e532512f8453625c9e56bf230f010abbb,0xb5e89c2a6e32097aad17cf5887ff4f7e88362d95,Solaire,6124,0.18,1102.32,2024-11-30 16:17:47
T-00296,0x03edeac0cc20c556b1bd26c33c82ff33c80ec180,0x277fca21d7f2dab9609ba7297738bcaa9c998fff,Charbon,1773,0.072,127.66,2024-12-24 16:17:47
T-00297,0x8e14a0b591271682ccfbcc933123de7b71c6e9be,0x16862c874e28c7ace0d17c71233a3f9e70a50ff0,Éolienne,2050,0.135,276.75,2024-12-11 16:17:47
T-00298,0xc76a3bd680d47448053a1bfb83dfb65c6afa5122,0x2cf5c35d1007fb1facb83bc0593b922da098c0dd,Hydroélectrique,7223,0.09,650.07,2024-12-14 16:17:47
T-00299,0x0084a549b70c89f51b4af921ff01d033eb0be450,0xe0dc9bcf8763f6f31a4720babf98845dbeeb3e34,Solaire,8887,0.18,1599.66,2024-12-16 16:17:47
T-00300,0xaa3fe7cb5fd74da16ab37b60785cfed943218ab2,0xdb6b21ee3b5abf64486430c4cbbbf040b7614f4e,Gaz,3629,0.108,391.93,2024-12-05 16:17:47
T-00301,0xcba2297d156b43580c84548b72ab64d15ef15948,0xf06c0db59d4175b77bf4a305be1936b128552dca,Solaire,9737,0.18,1752.66,2024-12-11 16:17:47
T-00302,0xa959c6f1cdb5a4ba21bca40273b0689bf14b4781,0x6cb78e8f06678924337854399d9a493ca873b7c2,Gaz,2659,0.108,287.17,2024-12-07 16:17:47
T-00303,0xb009e82e582fb127d58587bdba55d2b6479659e0,0xc456b6a80171814b2e7b0fc0dba4384ec0b1af5f,Éolienne,2110,0.135,284.85,2024-11-30 16:17:47
T-00304,0x6d698aa7083ac18636de06ba8fda85f6e1902576,0xd34f0f9b3b911cfb65a75f09c7298cf4dbd4b8db,Gaz,6855,0.108,740.34,2024-12-15 16:17:47
T-00305,0x418bb59b63f632de2c3258494bdc8b68cf385f4d,0x1fb74a77e3c0d2d40f0da4e84adb64d8022aeb91,Charbon,8656,0.072,623.23,2024-11-30 16:17:47
T-00306,0x1cb0f6dd0a54a257f73a72f4e18e88e45e3de500,0x9ccd7dc94a1af6dfe8cab6169249dd093d9e2736,Solaire,9454,0.18,1701.72,2024-11-26 16:17:47
T-00307,0x98ec85873b22cee29c2ab2782a349af98879db28,0xbf351e6015519d27d78a280ac50d6f7bde11988f,Gaz,5647,0.108,609.88,2024-11-26 16:17:47
T-00308,0x7cfb488c4c970bb9dbb7c53d0817fb8aebc01719,0x4ffa35d5847db1a3462e663a25af9984f19ede89,Solaire,7713,0.18,1388.34,2024-12-23 16:17:47
T-00309,0x119a5380d0149a144cd63be72ce6d53411b66191,0x6b3d44ac18359398f0c7678394f6d62fde488780,Solaire,739,0.18,133.02,2024-12-07 16:17:47
T-00310,0x529bb64d922a5c789d2332b9cf68b67b81960fd5,0x0fa24fe578b7ebfe4f845f2c0d1e10dad6721cae,Hydroélectrique,7251,0.09,652.59,2024-12-12 16:17:47
T-00311,0x740e1907b6149ceb39e85f820714e5e9b1656e08,0x12803eb0102492674bc82e4c3f06e07532306c2a,Éolienne,6797,0.135,917.6,2024-12-07 16:17:47
T-00312,0xf44ad2a2401f6c83270af32a7f26625c44d8e4b4,0xdd5c3ad65b16dacf5c909d533cafdad8fbff1149,Éolienne,9784,0.135,1320.84,2024-12-14 16:17:47
T-00313,0xca41cbecd026133a6a39572e96b031c49a59e43d,0x074e9c498211b4fc77ffde612996e6bdba40a9a5,Hydroélectrique,8470,0.09,762.3,2024-12-02 16:17:47
T-00314,0xd6c507dc7ae78fb5ccc2b5e8241c8a34872a7912,0x8faf114ec2a5ffa04c9b95ee643943434b6a7066,Éolienne,9971,0.135,1346.09,2024-12-23 16:17:47
T-00315,0x096707718c83b719f96253a0d2c5fe8d31ad3ef3,0xf273be00186365c2f4b67935b2aa21add7d7a99f,Solaire,1585,0.18,285.3,2024-12-15 16:17:47
T-00316,0xe52ce617f0a7368c76d7b60293e786b1651e91ab,0x6aa761fedd891b74246b806c1b7a3edfc48851b4,Charbon,3984,0.072,286.85,2024-12-06 16:17:47
T-00317,0xf7f5583a5b2b8f2f69217c168af2af188cd45b89,0xb86512c61fe84242da0f2decc5937919ccb7bc31,Solaire,2283,0.18,410.94,2024-12-17 16:17:47
T-00318,0x2ff7b598e59a5333df71ace4080f442d88b23e72,0xf92a29f6274432028010cb9c5a2b60b1711937b4,Solaire,1362,0.18,245.16,2024-12-22 16:17:47
T-00319,0xb1f07a71de1cc51e68f896307bd0289a2ff2d822,0x868babe8c80578e9a00d9826db926f6b5854b05e,Solaire,1857,0.18,334.26,2024-12-14 16:17:47
T-00320,0x4d5aa9195375b226be0ae1db83a9ece8821a6042,0xf73bb37762d2d220f6ba6746a24fb6aba572bb0f,Charbon,7382,0.072,531.5,2024-12-15 16:17:47
T-00321,0x18d1efbf3cae6cfd7a84cfb6ec1974c8574ee0f5,0x3922862d566274995ab9d8ec0f7b0108276925f6,Charbon,9411,0.072,677.59,2024-12-26 16:17:47
T-00322,0x81bf12d58189895b27ed9ae8f4de05e90f531b8a,0x05b398b472c2bc04941bd8f184a4b03c497f8b4f,Hydroélectrique,6862,0.09,617.58,2024-12-22 16:17:47
T-00323,0xfa0bbcb3a7ec9eaa01383c6ad5ce8be07aef90b9,0xd5e0eb379c25b72523fc89739f5df51071482586,Éolienne,1715,0.135,231.53,2024-11-26 16:17:47
T-00324,0xeea48a382ed8ee4dca992703c0b58ae4cd2dd5f0,0x244644a04e4c13d188ee22ef8ea3976a0fb3e82e,Charbon,4447,0.072,320.18,2024-12-09 16:17:47
T-00325,0xd8e6e4087852d202458177dca52402281f56aa27,0x8d29ebbd90effadd4c641d0d276082344337a700,Solaire,3387,0.18,609.66,2024-12-13 16:17:47
T-00326,0xb673cf069e53800fd7358777443f386308235f0a,0x9817c0e7fd45ff8662754d20bc293475d357cf54,Gaz,9913,0.108,1070.6,2024-12-02 16:17:47
T-00327,0x37929f33907c52f5b1c795ea7dd16905bce72c07,0x33267272b0eec76c6ab14c0f6f27f49da74f0400,Charbon,5498,0.072,395.86,2024-12-15 16:17:47
T-00328,0x89140db642c524dea4b153c28e5853371e75a690,0x7ebca71e22a887b845043ee550a6c20631e56f51,Éolienne,7973,0.135,1076.36,2024-12-19 16:17:47
T-00329,0x372c2ead6f815fb0b1bd054a3f880c0faa63bf72,0xfc8d13282f8fc2fd667acbde333e5d7a230db085,Gaz,8442,0.108,911.74,2024-12-05 16:17:47
T-00330,0x02e48408d707522457b1fade3ab7f05d8df19234,0x5495f1581488525d1cb289551a5b7a5203e8ca04,Gaz,4842,0.108,522.94,2024-12-14 16:17:47
T-00331,0xacb16bb0731bd3ba86c503f0fb1365dc8b8ffe1b,0x10d507bbf51a39fc1ee2cbcc24648a3709e8e32f,Éolienne,7399,0.135,998.87,2024-12-26 16:17:47
T-00332,0x014ad4f8f8bb0b3f6fe6b74b7d3dffc7e339104e,0xe682de307c6336aa19de0b583e4334137b9eb371,Éolienne,8728,0.135,1178.28,2024-12-23 16:17:47
T-00333,0xde713b3893568539ac008882693c0e08a0a4cdef,0x247a4e47f82f47f1054939e7ceca30bfce5c633b,Charbon,9813,0.072,706.54,2024-12-15 16:17:47
T-00334,0x28cd749b3dc7cd35f80634b0e50c5cbb1fdaa1fe,0x5a09b2f128f00b9c58e58d91f947dd0a3adcfe34,Gaz,7765,0.108,838.62,2024-12-07 16:17:47
T-00335,0x58a4d26c13f8c7e76b7c5b3aaba9862b6f742053,0xe63c419555451adf80f875f48b2c94c9c0b5989c,Charbon,6853,0.072,493.42,2024-11-27 16:17:47
T-00336,0x2fbac5e809d3f540976ec37c6d19e1dd5a0067f1,0xa80a0ce2eae4ea816ba4cf2ac0f5dc587a3ded97,Charbon,3052,0.072,219.74,2024-11-30 16:17:47
T-00337,0xac7519fc538bf5cbec0e1cc5c943fa5d387a8147,0x60d521734fb0a965b8214907a59702adba327828,Gaz,5085,0.108,549.18,2024-12-07 16:17:47
T-00338,0xe125ed7b6d21bd586d67f0bad9d492b7fec40fff,0x12e78c03bf642153ba45a51bab7f279e3d432a95,Éolienne,8389,0.135,1132.52,2024-12-07 16:17:47
T-00339,0x21768d893b39d40cfc620707eb50b4953d03f59c,0x58c404f647c7c8637023ff5720890358d66cebfa,Hydroélectrique,6324,0.09,569.16,2024-12-12 16:17:47
T-00340,0x28e4df5bbd843a4feca9336a233c48a9816bbcbe,0x63863467212b99ed4f4de80d501d7d47ca6e3383,Charbon,1680,0.072,120.96,2024-11-29 16:17:47
T-00341,0xa8b02e79960bdff32c8e3c8c3bf6268529dbfc3c,0xd6c40e9c9f934f06779068b576b65e48fd1593a7,Éolienne,9666,0.135,1304.91,2024-12-04 16:17:47
T-00342,0x5697cf4200dc47699bcee16f526a9cafa4a557f4,0x68a9fb65aade3e1735433a52d8fdb7f430a5c852,Solaire,1237,0.18,222.66,2024-12-25 16:17:47
T-00343,0x6d47d6756b24a6f6b0c608114aa04efaf0aa2304,0x8a6e21db8a891f72019470f0327c39968d04177b,Hydroélectrique,1865,0.09,167.85,2024-12-06 16:17:47
T-00344,0xd53ad8ba33eb67e95cfb0546b5de208007ec09ab,0xb083af350bed919057cd76c2735bcb6c255883fa,Charbon,3773,0.072,271.66,2024-11-26 16:17:47
T-00345,0x61305131ad3431e9915c6d2e134e75d61798f207,0xc722b50b5e981374f6df23f49e4391fef95ddb77,Hydroélectrique,6500,0.09,585.0,2024-12-13 16:17:47
T-00346,0xefb785b51827bd128c0627569c58b58911a2f264,0xce8745213356836962db1c1f970ab434720f5b88,Solaire,6926,0.18,1246.68,2024-12-13 16:17:47
T-00347,0x0cbc84863dbe5d6f939d66a95c113a16d194f930,0x189cf56c361e903037bf9b37ef5ea586aee052f7,Hydroélectrique,5078,0.09,457.02,2024-12-06 16:17:47
T-00348,0x0bdb8922226d4f70e15a1abb5b12510866f0de6b,0x4d8cf8d8e996fda4d28ce823d74f290b8e9150ea,Charbon,5165,0.072,371.88,2024-12-13 16:17:47
T-00349,0x38cda2682de214a2ad65f0c6a90450154249d9a7,0x1c62f39aaf9a955d4a4af7e8a1bd3bb59ad81370,Solaire,5409,0.18,973.62,2024-12-13 16:17:47
T-00350,0xe8eba6f5906dd1d101645f3d22e4c5ca203af402,0x23bbb7d3646c079e0668cfac73c0ebe1475f7d40,Hydroélectrique,5833,0.09,524.97,2024-12-09 16:17:47
T-00351,0x1359827891c33f2c15c4842c0a6c77d57e0213d9,0x12445be68c3f934a6c9b7530f0c34e4de5e46227,Charbon,7579,0.072,545.69,2024-11-28 16:17:47
T-00352,0x704c1b1ac894012bb84efd79b932d948b81508a4,0xec3b02c32b9cfcc7d1e4cd2fa09c857062f9847f,Charbon,5740,0.072,413.28,2024-12-20 16:17:47
T-00353,0x0cb68e1885a4b322713104cc6a92cb001e846d15,0xf6f01599282ac41bfe22ef875546c6d19b80cb75,Hydroélectrique,7354,0.09,661.86,2024-12-07 16:17:47
T-00354,0x66d3df1b1aefa5dd5de2f8a8307b0956f2cce8f8,0x96052bdb5b104a7d0766c29c0f39d2a3c852f44c,Solaire,3257,0.18,586.26,2024-12-15 16:17:47
T-00355,0x1465d407443b7edee7ff82ded105a5eb752e033d,0xdc6c3cb6bba81274e57c9924a4a28d43ca4eea43,Charbon,8127,0.072,585.14,2024-12-09 16:17:47
T-00356,0x9e804a71e9a759fcbd414ba062af037d5e5cfb8d,0x450c4f1a752a331158689ba2e9a845977bcb2e98,Gaz,8799,0.108,950.29,2024-12-22 16:17:47
T-00357,0x2b9cabd34857b521a16f1826cec83998befa56e6,0x498d50e4828907941142ecfecb66fca2fad5a7fc,Solaire,1312,0.18,236.16,2024-11-29 16:17:47
T-00358,0xe9a5120dced71ea10db80de6b534ff46ce33d48f,0xc03e5e2f54c517787930ced01826dbead8d2c84a,Hydroélectrique,2698,0.09,242.82,2024-12-09 16:17:47
T-00359,0xb91388571b9e22f145b1fbc23d7f843df8212814,0x1640d4a7c873605f72171195891c9606968c5d59,Hydroélectrique,3880,0.09,349.2,2024-12-07 16:17:47
T-00360,0x48d34047589f66895915b53159fb042fdcd38662,0x90e48749afaa00b2fedd44842ba858430de0dc6a,Hydroélectrique,8872,0.09,798.48,2024-12-07 16:17:47
T-00361,0x592cd2a78fbc5b01038edbc6b3882f70f0545e3e,0x315f18fc24bee02cbc456c2e9bedad2f42e705f1,Hydroélectrique,9485,0.09,853.65,2024-12-16 16:17:47
T-00362,0x3029ca9f701f4f9efa256c5bd2556a2f46977d50,0xeed8252be989fbf9609e36d55aab3d795ca15a3a,Charbon,1534,0.072,110.45,2024-12-17 16:17:47
T-00363,0x3e5b54f7c3b09e120b9278e0e4bd6a191a46ddbc,0x9ad8b43b1b6a8ca24e645015907cd683f896a2ee,Éolienne,4237,0.135,572.0,2024-12-25 16:17:47
T-00364,0x1c2d5bd899a083491e39b8e9e13aa11e46d91f65,0x0205b509dd3dffe7a72f51f4f642265d6bb6954b,Hydroélectrique,654,0.09,58.86,2024-12-20 16:17:47
T-00365,0x7dd443bda85e4103042daa5bdebfa67cbc35af64,0xad9057e022fecc7319d5cda2777fe7d682f70d4d,Gaz,7184,0.108,775.87,2024-12-13 16:17:47
T-00366,0x00d0163173d16bbbc7f3a3850167c6a15fa0db53,0xe1891b537bdd17977f99f7ddd3ea6995bb50e869,Solaire,4512,0.18,812.16,2024-12-17 16:17:47
T-00367,0x71ca8b8fc6cb3a4cacaaef24175aa335a321edbf,0xba37c8b19dbb9fa5f90ae9fecb2264c81fba6ed2,Charbon,5352,0.072,385.34,2024-12-01 16:17:47
T-00368,0x96c8c54b04af1f57c7dbefa95ebfa5b69b1efcc1,0xb77fdb5a30c5eccadbd29643301ef50ce4fd089a,Éolienne,5695,0.135,768.83,2024-11-29 16:17:47
T-00369,0x1ca7619d7b3cf7d432e5d8b8930e4f448c3c3ac5,0x0030f50e6283b48135f96d554cc78c040cfff225,Gaz,1200,0.108,129.6,2024-12-25 16:17:47
T-00370,0x83a68b13a1417a1766e8cf3bd37698c253852fbe,0x2607fa5bd0192bfeb6d114ec7081b5001d9f38d6,Solaire,9955,0.18,1791.9,2024-12-02 16:17:47
T-00371,0xb00bbd6803e554b588ddb2099ebf520e13fff289,0x8405a5bc60045d031369557d3f984070be5b1954,Charbon,1919,0.072,138.17,2024-12-02 16:17:47
T-00372,0xe99dfae1790f7089d16fcb83ccc602ab8178338b,0xdf6d06d4623fd7974ee7e469d83cc78f095a34e5,Éolienne,133,0.15,19.95,2024-12-18 16:17:47
T-00373,0x987aed4c412daa75ead13ba473cf0327429b7f3b,0x254000893a01537bb44fd48c0bdf1f134b9211d0,Charbon,6613,0.072,476.14,2024-12-16 16:17:47
T-00374,0x997348fe3d6c6b68dc0c869fa0e57e77f3332e0b,0xaade73e240d7c49fa6060bf8fc4f1bcc2f824d07,Charbon,6107,0.072,439.7,2024-12-19 16:17:47
T-00375,0x15dc94cfa2ea3a111aa90ffbb24b65f4c3527b8c,0x0f6d6ef3f504eee4a42bfa56406a6e6ad3c92c14,Gaz,7463,0.108,806.0,2024-12-25 16:17:47
T-00376,0x09240ef5da194676198ba2402426f71751de03c4,0xac943d5ab533ba21488249aa904c9535995c7490,Éolienne,9099,0.135,1228.37,2024-12-18 16:17:47
T-00377,0x5c06ed9178c99be0eb84f65a7c52f5d2ef376325,0x71b42937b371ca7e6c46df2d2f8db475106c07ea,Solaire,5272,0.18,948.96,2024-12-24 16:17:47
T-00378,0x6de4a48b5c489e59d0383719ad12acd9f4b8d300,0x2ddd1cf672f7a53839268d17892e93e42d6f9286,Hydroélectrique,9535,0.09,858.15,2024-12-20 16:17:47
T-00379,0x50e9719c942221e913724962fae7152ec5b095e8,0x880354466654020524d70f843c72ebf5c5f650e6,Charbon,173,0.08,13.84,2024-11-29 16:17:47
T-00380,0xcf7c17fc0d2b7274184233ce4b98e362d84f3918,0x0c4ab4c758a07f86feda19c5072adb6435977c69,Gaz,8203,0.108,885.92,2024-12-25 16:17:47
T-00381,0xa0d38e0e7bc72fc171350f4e118725fe75ad2a7b,0x018f925e49dbcbea14e688ec5203546fd3f36cbf,Gaz,3399,0.108,367.09,2024-12-06 16:17:47
T-00382,0xb88b433ea49badf0df32a35b3f9a57a5ffb06f03,0x2f2da7964f639ad137a223dd0806bbc290991228,Charbon,6088,0.072,438.34,2024-11-28 16:17:47
T-00383,0xb670769e1f4cd35ef29e301cb8ba183a91eb6492,0x9c40c902b156d15fa65394a91972014f39e932b2,Hydroélectrique,516,0.09,46.44,2024-12-17 16:17:47
T-00384,0xd4a59b33e5a6b9f0309dc2831449252303870918,0x174e0415c2ff26d7ad6b487bd90781e5c10300f8,Hydroélectrique,4107,0.09,369.63,2024-11-30 16:17:47
T-00385,0x24c58f0d3ebae4ab8107973eb1795c910ec6f406,0x30453dee7897701d7ab818321c95c5283330aca1,Éolienne,2903,0.135,391.91,2024-12-17 16:17:47
T-00386,0x93263a634f7e4453b867d2fa947f6b2d2c183660,0x159bd0e2323f0a3769953bf02af162185952dbc9,Éolienne,4930,0.135,665.55,2024-12-05 16:17:47
T-00387,0xf35a7ab578b6d8c01ab1f0974791fe3115fb8c89,0x7b6ec99926e234c3f7becb46a30b1eb57a8a1588,Solaire,5607,0.18,1009.26,2024-12-01 16:17:47
T-00388,0xf92239af43f0ec33bf7bb745ac6b718e3b43a659,0x4d9af6fe48787e219859bdf94bfcd468a36ade2c,Solaire,5839,0.18,1051.02,2024-12-06 16:17:47
T-00389,0x3c9f6c2d0a80f2ecfdad0cf41660273c24b39872,0x6078ec8b5321125cb62c781bd92035e25bb91fab,Gaz,9714,0.108,1049.11,2024-12-14 16:17:47
T-00390,0x25c9b3ff158950f97e186ec8fa69f31601feb0f6,0x186c1185fbb4fa5d5e8f0fe44163d105caf1ec9c,Hydroélectrique,4766,0.09,428.94,2024-11-30 16:17:47
T-00391,0x47212a8676929df254922fe2822a6707312ba8d8,0xf1adf0ce653c7287cb5647b2ffbe75691bdeea8b,Charbon,1962,0.072,141.26,2024-12-10 16:17:47
T-00392,0xc31f480083a2992fce4aa3600781b09c03898325,0x4e06b7e8338fa16712940b098c6e1f599b3d71e6,Éolienne,6671,0.135,900.59,2024-12-25 16:17:47
T-00393,0x20397274542a2f86614152503142d72a5cbb290c,0xe126bd78711b4ebaed2c7b4fda6c614075d9256d,Charbon,5168,0.072,372.1,2024-12-03 16:17:47
T-00394,0x0b51397037241e64f1e1b1acf6e84c16ddc06c07,0xa40869e103a1958346797dc47a40f7c4b38e6da4,Charbon,9665,0.072,695.88,2024-12-06 16:17:47
T-00395,0x2f356c4d6559a0f5fe7e3077bbc6156a1aa3ca8d,0x00c9b4e204ecd801528b546ccb15533d5a958deb,Hydroélectrique,2812,0.09,253.08,2024-11-29 16:17:47
T-00396,0xc0361c07c2fe74bb2d170c76f79bbf5fb0983506,0x137cd46b81a50715fbb2b0835c70ba8a2d398aef,Gaz,9827,0.108,1061.32,2024-12-25 16:17:47
T-00397,0xd951dcc39c1f798e9aa0a5971c17b091dc2562cc,0x35948db77178fe4eb5c0543f0b1129ca32918a8f,Hydroélectrique,3687,0.09,331.83,2024-12-11 16:17:47
T-00398,0xf97ee878b6a880dd442c34d7627a2fc9ece0d768,0x80ac61847518c2d00e253034f9e3fd6e0338807a,Solaire,3727,0.18,670.86,2024-12-02 16:17:47
T-00399,0x5eab560f38b063a6e8ef35ff32c238088406188a,0x45ee9c8aa32b949c9401ad6b18548218af6fc7e5,Éolienne,2352,0.135,317.52,2024-12-05 16:17:47
T-00400,0xead8f0f5d57e4e533377eca17a6ce789ff166830,0x934b31e50b85137a49378176b359a53494cd8214,Éolienne,321,0.15,48.15,2024-12-10 16:17:47
T-00401,0x573b3fc7c15a0a3c138d8d8d2b693f176c3eb51b,0x5348ef34e30aa61572c4273e3c6de81b71769b09,Solaire,9421,0.18,1695.78,2024-12-05 16:17:47
T-00402,0xc60516410b90f5aafbb972baabe9cb811bc26339,0x9828f6e16c653c4efb7612003ff035bb86f296c4,Éolienne,1982,0.135,267.57,2024-12-19 16:17:47
T-00403,0xbad8ab1fe2953e5091011fd7af26be5e4d90bb26,0x1aa1aabcdb3c4a8eb05806ae370179b3f5afa545,Éolienne,8424,0.135,1137.24,2024-11-28 16:17:47
T-00404,0xf3173bfc355875a25242fe6e745f595868cab1da,0xdd6bc656885dfba13b1f15a71b366a15f414e8cc,Solaire,401,0.2,80.2,2024-12-22 16:17:47
T-00405,0x147cd769869c0620a96a890f013ea0259823e613,0x8e4dc7eecbd382554df0c5c94e720873c34a472e,Éolienne,1719,0.135,232.07,2024-12-09 16:17:47
T-00406,0x5ad99d06e28abd70d5cd6d97dc8795c4924222de,0x1b0ec95c5a3f0cbd31eb469bdda862a5fd9f1421,Hydroélectrique,316,0.1,31.6,2024-12-02 16:17:47
T-00407,0xb5f909b8d2f7c76e48e02151d40949c2cc76aa6a,0x9cd280e9c90181a969254a62fb0f34399551f0e5,Charbon,7911,0.072,569.59,2024-12-22 16:17:47
T-00408,0x05a9ad4be50e7301b12b9f8b4ea352a1bf57aee3,0x4620284633d3f413cd13f7c1a343693ba86976f1,Hydroélectrique,7418,0.09,667.62,2024-12-21 16:17:47
T-00409,0x4a341a6f134923589c18a634f8bfcca169c6ab7a,0xabc6ca01a8cb58091648fc835e2c052679f21261,Gaz,7651,0.108,826.31,2024-11-30 16:17:47
T-00410,0xd0546c661160d8fc2d4779f8bcb445421e0abe61,0x35f53d73be34ab7851210f77ac06824cca5da1ab,Solaire,2184,0.18,393.12,2024-12-03 16:17:47
T-00411,0x47a693bf159bf8df55e895c0c9d96f94ffe60515,0x116abdafcf012548e4a208fe4013269fe2975ae6,Gaz,818,0.108,88.34,2024-12-06 16:17:47
T-00412,0xc483bf0369f674a1d00a3f2e5539bbfd1a1847ed,0x0da75167f5ed77b9062ea580c33764754da0c9d2,Gaz,1457,0.108,157.36,2024-12-23 16:17:47
T-00413,0x6580791bdd13916b0dfe99143ae42435a65efee6,0x98cd32a96b42f41787c994e75841b162c1d02fd4,Éolienne,4752,0.135,641.52,2024-11-27 16:17:47
T-00414,0x12450dbb1db01b0a8947559e69727d2d82326c3b,0xe3559cafc57d6b5a3a35364c2599c87283cc8c0e,Éolienne,8400,0.135,1134.0,2024-12-11 16:17:47
T-00415,0x2c20b48085907c291541234aac5f7bb441bd6a82,0xa71a331266b985542cfa371fd856b43bc6f49616,Gaz,1939,0.108,209.41,2024-12-13 16:17:47
T-00416,0xf0e79cc57359d145623221777cc45c7b348594de,0x1da075cc8d19f2b988b273a255519455646cca35,Hydroélectrique,151,0.1,15.1,2024-11-26 16:17:47
T-00417,0x94742b3b3508a6e3dfeb5c1afc40ce64d2e33981,0x855d63182d29137b4d0d36ac6118792afedd3d6c,Éolienne,225,0.15,33.75,2024-12-19 16:17:47
T-00418,0x96c08c7d3bb086109d9a6e9ed8a3afc0e0950cc5,0x99183a86ff13b28acb792118edb2852183ae0e73,Solaire,1549,0.18,278.82,2024-11-30 16:17:47
T-00419,0x50325c3a9b3c1ff13e6f5d558102c4376be6712e,0x82e84d9de647eadfd0b936ed5ce4aba0d411a990,Charbon,9686,0.072,697.39,2024-12-24 16:17:47
T-00420,0x748b0c0cbf5a91e00f7f7f2e8f80d99f516c486d,0x069f1be3cd256e9949f89bb44550393fb1dfb9d0,Hydroélectrique,9081,0.09,817.29,2024-12-15 16:17:47
T-00421,0x8e0f7bce7e5c78e61b73a256355eb01319bddc78,0xee8d568a108f6c9d8b29f7dae6b9ad5a3b5ae8f5,Gaz,983,0.108,106.16,2024-12-25 16:17:47
T-00422,0x272cfa0bd389ea2812d2c585af07a142085d45c1,0xfd4d54a64b701823a6e7e78b040f4738621cdcc6,Gaz,9800,0.108,1058.4,2024-11-29 16:17:47
T-00423,0x2281474a53ba3a13f5098f1066500a3e2652e1d6,0x0634d9eea87d0047d37ca0ceb69bc6654d323577,Charbon,4331,0.072,311.83,2024-12-19 16:17:47
T-00424,0x091f93f40d76061dd0ca7a0d2786629d116da11f,0x8d71c874f1374ac3e305822225d106e10bb9cd53,Hydroélectrique,8585,0.09,772.65,2024-11-27 16:17:47
T-00425,0xa454c67cb622ed567223e112387000fe1482cea3,0x070f4f26291939584a3f1f96060bffd83aea4e79,Hydroélectrique,6218,0.09,559.62,2024-12-08 16:17:47
T-00426,0xbf9df1aeabc30e58fe07ba4e38f615ff0df8dce1,0x36df0613071243ac038a0a4336eb8dc84061316e,Charbon,2191,0.072,157.75,2024-12-18 16:17:47
T-00427,0xe8bf3cf137a6c4e90fee46081db827a53f4cb829,0xcb685d554350ddf7da3b3ae0d4723d24f1314d6b,Charbon,9025,0.072,649.8,2024-11-28 16:17:47
T-00428,0xc2dca51a9cb5fa49848026938912beaf90161c97,0x56ff066b1e1a432fe08e2966d44dd1e71b56c89b,Hydroélectrique,2479,0.09,223.11,2024-12-24 16:17:47
T-00429,0x355e250a778efed9d5415454d3234e1688463b97,0x4ebf695ef88973414d5d36b10ea4eb5195846f29,Gaz,6377,0.108,688.72,2024-12-02 16:17:47
T-00430,0x6b50a13999c3b34b561c3533bea31c49ae5393d9,0x01fe53ed65a9e65265d68fb88c29aa28e95825ee,Charbon,3019,0.072,217.37,2024-12-16 16:17:47
T-00431,0x39b55107ba532b25f63e1058cd311de0d8b04ec0,0x214dd885d3a325a6bc588722e76d49ea5ec0b4cc,Charbon,4089,0.072,294.41,2024-12-02 16:17:47
T-00432,0x8764d6dfe2ca4920f9525fe0b273b9ffa3b23b7a,0x637ee0e74d8cf910b5c02eb714a76bf5b31ac832,Charbon,8475,0.072,610.2,2024-12-06 16:17:47
T-00433,0xf962621b22a39ee3372e9f927cb90dc9f39da80c,0xc6cb352b5c71ddf913c8c74791d01ca2ae1918a3,Solaire,6759,0.18,1216.62,2024-12-20 16:17:47
T-00434,0xce345e3f53a0a600be633d5a81fb2e7a4ebd30fe,0x85787af49c9995fa5d33e28d303baf6bc48be2c5,Gaz,7137,0.108,770.8,2024-12-20 16:17:47
T-00435,0x6715301f09e02f421aaa683271be418f1f3ccf09,0xd8387552dc2781e3299299087a37b3a1d868cec9,Gaz,3101,0.108,334.91,2024-11-30 16:17:47
T-00436,0xea3699bdd946f41c42eac9b057212c8277e04b6f,0x146c3859954f815267b1e7fc95df630278ff43b8,Charbon,3109,0.072,223.85,2024-12-03 16:17:47
T-00437,0x7cec4d767c2125361bf3a4dc73924133e94b0e2a,0x9d499e571a9c756ca0408910396f38d8cd1bb794,Solaire,1303,0.18,234.54,2024-12-21 16:17:47
T-00438,0x6b7e4f3d5af6b59c776c3747667104d0c19303fb,0x7351163eedfe1d5e493ad9ac669c9f8e9ef36ef9,Solaire,1413,0.18,254.34,2024-12-01 16:17:47
T-00439,0xcbb221fa915f388373944066e5c2c7d9d2a726d7,0xf553b2f6ec16432d08f398ef9ff550c8d5c96685,Hydroélectrique,893,0.09,80.37,2024-12-11 16:17:47
T-00440,0xebc3d195f39dc5b68c5a0db53dbd1699d1f63c3a,0x4f91cc3b665f54093ad2a058881694fa016dfab0,Hydroélectrique,9028,0.09,812.52,2024-11-28 16:17:47
T-00441,0xe9046615243d1c1c5b9ede88ef0f1eb0219293b4,0x1478622877658692b6757dc3da56e5438787689f,Solaire,1873,0.18,337.14,2024-12-12 16:17:47
T-00442,0x8d174abf7e4e5816cdbd5908c75888836713264e,0x5911325c739460c072cec458fbf8b57151755f93,Solaire,2712,0.18,488.16,2024-12-17 16:17:47
T-00443,0xf1ff562a213102f3918789d1efd94207b977bc81,0x7a86e2f51b259bec57713b79e37219963d99529a,Éolienne,5660,0.135,764.1,2024-11-29 16:17:47
T-00444,0xf9e72cf4199af78e09f7da24bc5e7741f5f7f5c7,0x81f24c67a5ef40058a7b25a84636fff8ff93dfbf,Hydroélectrique,9122,0.09,820.98,2024-12-02 16:17:47
T-00445,0x905009257cb5be3496996d488f548a8341220684,0x78a654342095d5d5bb1cf7e565f05e5842a4d007,Gaz,4156,0.108,448.85,2024-12-13 16:17:47
T-00446,0xe74478f7ad8f9086c126bfced09dcc2907903fe9,0xfd9a0447af2b3a7854d3809133deed0289adc109,Charbon,5477,0.072,394.34,2024-12-25 16:17:47
T-00447,0xa5d487c734f3e1106ecf80bf520649561b667e0b,0x192065f043e67f1557c19f242a2892e1d95179cb,Hydroélectrique,8627,0.09,776.43,2024-12-13 16:17:47
T-00448,0xa67f5df381e6f2d01b3f32e00a65114fd1dda1ce,0xef3f44dfa16e5b4c499b1323b12a3806107b8a4c,Éolienne,8080,0.135,1090.8,2024-12-18 16:17:47
T-00449,0x6039f02a31f8b4d8c97c514c14bf96b239a94663,0xbdf06b56bb0467666b3826f557bff12fe3622d8c,Gaz,798,0.108,86.18,2024-12-09 16:17:47
T-00450,0xc894497667f80e1e0b7d983392bbb7096a3c906f,0xcba490cd6a651f297d5bb5725f732846c0d65a8a,Hydroélectrique,4931,0.09,443.79,2024-12-06 16:17:47
T-00451,0xc790cbbfe828cb58a44b18dcc7f71c884f081897,0x8e5e5d6d3647353c368f5318fd8d39aff95dc8c8,Hydroélectrique,9247,0.09,832.23,2024-12-04 16:17:47
T-00452,0x74dcbdf0f1683ac0111ad99c5647b89abc54e848,0x724f4208f88572646120ce4b1168d92664eae955,Hydroélectrique,9601,0.09,864.09,2024-12-24 16:17:47
T-00453,0xeb2c2b654829808401bd5720ebf325ae5e7f1ee4,0x3a4755b3790fcf57a4639959418d4a89c5630191,Éolienne,6688,0.135,902.88,2024-12-05 16:17:47
T-00454,0xd53ec8a103a13c28b4d249ad91a671fad1401c15,0x123e627210c50533ee015d2b01630ca36c99974d,Solaire,4873,0.18,877.14,2024-11-29 16:17:47
T-00455,0xa45cc59b64fd9f7027f7627906428940fd22c197,0xb730e25e4cf697e459037a3acafa896f271cb2a9,Gaz,9725,0.108,1050.3,2024-11-28 16:17:47
T-00456,0x145d463f03c5458e5c9d0b28f5200d7d08c6330c,0x14e3898c801d482f18fceae3e04c0835e4fc16e9,Charbon,6981,0.072,502.63,2024-12-03 16:17:47
T-00457,0x636527fb6019291cd4b3ed1cdbb3bc72aa93d26c,0xe49338a154a2a560784b0fe9e9cef1f491c82500,Solaire,6307,0.18,1135.26,2024-12-08 16:17:47
T-00458,0xb20696b81d13af98aae4434ee74137250303d7a4,0xad2cbc21430b49b56e1d3361bec343e52388498b,Solaire,6637,0.18,1194.66,2024-12-26 16:17:47
T-00459,0x0da56671f341cd8ade8c74d494ff8ac8afb0b0f3,0xa8df82792ef11d10ac0fb73ce80be9923ea0914c,Hydroélectrique,3081,0.09,277.29,2024-12-06 16:17:47
T-00460,0xe642c715752c481d9264b5c065b0343714ea18eb,0xd98a126025663dd311c17a904468393ae7e7e063,Éolienne,3268,0.135,441.18,2024-11-26 16:17:47
T-00461,0x5b1e56d6938cb4209ee845947ef022f6a30e0287,0x557dedef3cac8cd15dffaa518f8498e741725a8b,Hydroélectrique,5564,0.09,500.76,2024-12-12 16:17:47
T-00462,0xc3af978abc43268f9b049060b9c1e7107f0ce835,0x6f473372373d90e712161afd5e7ea69e5b2781a1,Gaz,7870,0.108,849.96,2024-11-27 16:17:47
T-00463,0xdd793cc899f2f265a2083656f1cb10d51073bab9,0x727f11408836752506b38a83304d475c533e23b9,Éolienne,334,0.15,50.1,2024-12-17 16:17:47
T-00464,0x7a0ffadfcada7d76b06bc291655842a9ee46bb60,0xd3f692d869545540f37c0607f0b8e6dfbb3ab583,Solaire,9891,0.18,1780.38,2024-12-01 16:17:47
T-00465,0x29966828015cb4faea79e8ca677a576dfd67a142,0xeca3d360362ca96c68c7c7a85ab752c485cb3242,Solaire,8104,0.18,1458.72,2024-12-17 16:17:47
T-00466,0xf61584b96dbfc4a5dd4b87a5194e9cc202885a59,0x8d687952202ddcae7f9aa35778c9c0a74bebd7c8,Solaire,9224,0.18,1660.32,2024-12-11 16:17:47
T-00467,0x4d09cd0e7b3d566e609f6863f5b75b2ee04ff453,0x72e9f6af04afdfb26169bb444bb3484a4d232c5d,Hydroélectrique,5019,0.09,451.71,2024-12-20 16:17:47
T-00468,0xc737839982c98f0078d8145b4a455ba9a4e7718b,0xa757d2442c3153a03661ff8c93e62fbf2dfd549c,Éolienne,3195,0.135,431.33,2024-12-24 16:17:47
T-00469,0x762493b347e2fb41e2f4509d1e5c248293c2804b,0x4306f12f3f182539452d3062cefe456c1ff3b366,Charbon,1193,0.072,85.9,2024-12-26 16:17:47
T-00470,0xe115227b05483cf628b4572fcc232275247cd7b5,0x28a7dc29036d75e6e8ed0d8d97e0764161d930e0,Éolienne,9060,0.135,1223.1,2024-12-24 16:17:47
T-00471,0x2253364c5dfb7254170e6f399a9ae92e092c4916,0x0d95bf93f8d2eb43a910bf02835c71cf56bfe151,Gaz,6165,0.108,665.82,2024-12-03 16:17:47
T-00472,0x0fcbe9492758ee02090ccb9bd9476e8823cfa5fe,0x7424c9f5461c0cb5e65b555545b3c135447b6a19,Charbon,2050,0.072,147.6,2024-12-20 16:17:47
T-00473,0x6e60a6001a65fe74a5a2f0d1e8578d580d392693,0x3d968905504391a543b4a5a5bfbd79af53275bb8,Charbon,479,0.08,38.32,2024-12-07 16:17:47
T-00474,0xe08248ebe6e4d50d672a59fcd0e3080eb77805a8,0x99b62743d029ed83124be28144fce92fc5d522f7,Hydroélectrique,6478,0.09,583.02,2024-12-01 16:17:47
T-00475,0x93b1db9a9376ceb8d42a0332da0040f85d7de29c,0x3867570bde29e5d02987897e408213ab7805176c,Hydroélectrique,2491,0.09,224.19,2024-12-11 16:17:47
T-00476,0x411aeb231a88e7cb4e1df8172d2fbfc2a9232821,0x96b8d5dd769ae9f72b8d0770a23f011bc11e5073,Éolienne,7974,0.135,1076.49,2024-11-27 16:17:47
T-00477,0x9c75647b0a9d93095cad4ac8e0415a4f13095d81,0x55de01975a0a8de66646173b6f26bc828486a385,Charbon,7135,0.072,513.72,2024-12-09 16:17:47
T-00478,0x196317a79833f315ce346284cdc17c35481c282d,0xf72daefe59e0f80e3594074d06d727458ba17574,Charbon,6670,0.072,480.24,2024-12-15 16:17:47
T-00479,0x15c5dcbe94e57339198e0a6aa2337e04616f7f1e,0x2d8b62a34dec3d493e20ba0fb1506c143ac8ee38,Gaz,4800,0.108,518.4,2024-12-17 16:17:47
T-00480,0x7a5239659df93bcda4b5bc97d5883f4811edea0c,0x2782fbffbb5de2f1897c9d1eadd3fc145b7f9676,Gaz,6349,0.108,685.69,2024-12-10 16:17:47
T-00481,0x657ec5b28b54b265b47e89393536b5e442a83c96,0x45ae3871195bc8efbef963233f757ebf118b49b0,Charbon,9685,0.072,697.32,2024-12-01 16:17:47
T-00482,0x8a7c1f058728c4ad259c97649745d994e6b40b5e,0xbe5d17414d9cc10b965b81a35ab354dc85ebe340,Éolienne,2848,0.135,384.48,2024-12-06 16:17:47
T-00483,0xd84933b26af929a01cb6a65474ac58e346ada2f1,0x8fde2e28cdf3127e6d5bce6705a931e97517fb02,Gaz,3088,0.108,333.5,2024-12-23 16:17:47
T-00484,0x8c2a47f1e9fabde0b4e31053ac0bdb1b12b2735f,0x51211cae23932d785d591b678492859a3534bc79,Charbon,9638,0.072,693.94,2024-12-01 16:17:47
T-00485,0x78dc9ed266d987720e49acb93ba7cfd07076685a,0x72fa7129447e2c3007087347ef5c4c8877496993,Éolienne,416,0.15,62.4,2024-12-23 16:17:47
T-00486,0xd9ac40a5111190ad584e78b595c6943794d7bd92,0xe9d43f4570b425a0d95a0bca6d2d333c0d915526,Solaire,3896,0.18,701.28,2024-12-12 16:17:47
T-00487,0x0345a343ffbf30c31e1fd2a6bdcb12910464dc7e,0xa66aa7738e6e981ec898c60014de43b3d4c71331,Hydroélectrique,2736,0.09,246.24,2024-12-16 16:17:47
T-00488,0xbace335de2661ca2a84ec691dac19a1776aae441,0x2dd6819977538941a6492f319922c987367a642c,Solaire,460,0.2,92.0,2024-12-10 16:17:47
T-00489,0x545d463ecb46542b1330922c5499e6a752f066db,0xf4a6d5ca7ea97f116cac7f809215e08e16c4bf68,Charbon,7589,0.072,546.41,2024-12-05 16:17:47
T-00490,0x51c04231b6a69ecfe41c9dd1e7c4dd15a90966c6,0xb86dc6c32756e63adee2c790f1920ee61020fb9e,Solaire,2817,0.18,507.06,2024-12-20 16:17:47
T-00491,0x93f3258c4735125d899fa39fc715315c924afbcc,0xe772066685b3597d32ae5df2d01cd7c22f569d71,Éolienne,7378,0.135,996.03,2024-12-23 16:17:47
T-00492,0x2b82463138ced98b8e0f27e04aadca7d0dacc052,0x44f7e399bd23fe3129e3d4a5cad62ed14769f06c,Gaz,1249,0.108,134.89,2024-12-25 16:17:47
T-00493,0x10d99d7857152d579210a434d4bfd671cdd0c464,0x7198e6c62e2d3dab61a7bef2690a58fa790725b5,Gaz,5574,0.108,601.99,2024-12-18 16:17:47
T-00494,0xa8019cf17af81559bacba85dafb40be01b04761b,0xa3b6b3be4dd3771264c5710ed98f7a5e2cb520c1,Hydroélectrique,1944,0.09,174.96,2024-12-20 16:17:47
T-00495,0xdcd10af0cfe2df598ac6bcbc5ac9def49bbf408e,0x8b6a2a58c708cb6eb36e587c665faab4fafdbe51,Charbon,6284,0.072,452.45,2024-12-04 16:17:47
T-00496,0x6acf3fe797b8bf31a06d728a904a56bcb5f92a12,0x78adc71e0ced980eb1054dfd98a20cfcee106661,Éolienne,9797,0.135,1322.6,2024-12-02 16:17:47
T-00497,0x125830ac421ec5135cc324101906363ba55e1463,0x35fb0d2fc6eec60cb2a76f9a4c12c4b7794a2778,Solaire,4253,0.18,765.54,2024-12-10 16:17:47
T-00498,0x58d8674d0669815ecc17fdbe6b0a4f6ca1c419af,0x7a3b28761486dbaee5c1dc356be240595a9e6e50,Hydroélectrique,1514,0.09,136.26,2024-12-19 16:17:47
T-00499,0xd5d709d5dc9228cfb69621a357dd23a16054e541,0x789fa31681fa17380cafccbaf76c8b81fcb0c6e6,Charbon,9721,0.072,699.91,2024-12-18 16:17:47
T-00500,0xfeb1de1701c6ceb62684ba62cd2bda40306297a2,0x4fdaf53702d1a13fd297ba88045363b307e616fd,Solaire,9014,0.18,1622.52,2024-11-30 16:17:47
T-00501,0xf37483fabff35da94b7e15d9357d18d5a722874d,0xa12fadc90114fddb9cef081f0eb5bcb842c5f566,Solaire,6306,0.18,1135.08,2024-12-15 16:17:47
T-00502,0xc5bdf8e2d49193857e8cb0cdb224fcbbbc77e471,0x0518d8804f806edee0ad2aecf85d7a9b47be2c65,Hydroélectrique,401,0.1,40.1,2024-12-06 16:17:47
T-00503,0x325e7a18d3fee28cff056c73eb21c227c6b15fb0,0x60b66d066e2662658bbe2c21114df43ea3781ded,Éolienne,2523,0.135,340.61,2024-12-11 16:17:47
T-00504,0x4efeb47d0ff3a61f25bdc7dd5ee6774323256bb1,0x3215709b4cdee2058dbb490e441bad1fa60d8caf,Charbon,1270,0.072,91.44,2024-11-28 16:17:47
T-00505,0xc686e8da227dba77c3a8d8216a299165acf575c7,0x260044372b36ab2adf032883fc3d07faa63ef1d2,Hydroélectrique,4404,0.09,396.36,2024-11-28 16:17:47
T-00506,0x4fd9e817c2c1f8a0eda960f2312184c002a57bcb,0xb859499d5a805fc7c4f9519ac6da9b299b9a6902,Hydroélectrique,6331,0.09,569.79,2024-12-25 16:17:47
T-00507,0x66a3bdf64f781fd870c2a1e2b596af3214e5cb78,0xbba8719ac2d0e52cad907f639c16f7498f014746,Éolienne,4069,0.135,549.32,2024-12-26 16:17:47
T-00508,0x209fe98e56930ef5a09d98d1bbab9b895e2389e1,0xdafe479da3d5490b9b696022b0a6b5c5cc6c2474,Hydroélectrique,1324,0.09,119.16,2024-12-15 16:17:47
T-00509,0xba23046f821e0036b20620e260399cc9424417db,0xb64f012d32af9b9dd133996aee3474c235295a6c,Hydroélectrique,6268,0.09,564.12,2024-12-14 16:17:47
T-00510,0x571d140d92887c117127e4f4ef4501a26466fd76,0x7e507593fa692e8bac846bca31a2d4ddcc507688,Éolienne,3352,0.135,452.52,2024-12-06 16:17:47
T-00511,0x81fef1704396bd29721691b9432117c6640d6dc6,0x19c4010e3a51d08ac1ff5cea64f8df41b276fdc8,Gaz,9937,0.108,1073.2,2024-12-15 16:17:47
T-00512,0xcc622b6dce0181f375e56f43c622aa002dc289a1,0xb0066650d354790bd994851e92daefbf3e75469b,Charbon,7258,0.072,522.58,2024-12-13 16:17:47
T-00513,0xd29dc219752f1cd6a9f2fa8125e426868c68b0a8,0x329eb001943452a1babbcb50f4c9d58c5fb22917,Éolienne,7454,0.135,1006.29,2024-12-18 16:17:47
T-00514,0xb8993f1011d57e8b69ca2051644a52c046548015,0xa707c87ed26077bb563dd674ed56f08efdb8e403,Charbon,2781,0.072,200.23,2024-12-22 16:17:47
T-00515,0x27ae8b4ead7c85903f06f2aa99e79e34aaad15a4,0xdd3b4b13498bcc0d84443e877e87e6847a22b70c,Hydroélectrique,7622,0.09,685.98,2024-12-07 16:17:47
T-00516,0x3255b5a79329d4505bd2451ca8389c9d4b9dea41,0x66a649df2f3557aeacc75cadb58ad231c49a100f,Éolienne,3282,0.135,443.07,2024-12-21 16:17:47
T-00517,0xcf6b15302ef8d8854ca4d36aab28a8ef753ea165,0x30fe1b48c66995920315ac77faab1842ae77aee2,Éolienne,4073,0.135,549.86,2024-12-11 16:17:47
T-00518,0x17419f4235675b6bb2789d0e80124cc87d9c4da9,0xdad9872d77895f2ea31554ec8b4d9754e13bb1da,Charbon,1503,0.072,108.22,2024-12-02 16:17:47
T-00519,0x410cca5c8307fa677ee0bac2ff850fd2debaf960,0x663d8eb521563f0eda12df21e91a403750542d21,Éolienne,1058,0.135,142.83,2024-12-25 16:17:47
T-00520,0xc18c6c82540959d1c56a11806b163a83136722a5,0xb9c645a2c5a7fea0b41982ec0b6160f44c011d21,Charbon,7584,0.072,546.05,2024-11-28 16:17:47
T-00521,0xbf4f770cda349857ca12e46b7caafc78727ad8f8,0xeeb573823e03f5d5c062d33462d3bdfff57bd5fc,Solaire,6637,0.18,1194.66,2024-12-21 16:17:47
T-00522,0x65a88ea47ae74906ad1cce0a4f1501b932a0a9b7,0x6dd19b09beba92f1e13d63144118d02676e81524,Charbon,5799,0.072,417.53,2024-12-22 16:17:47
T-00523,0x2782c8552d849d2989e143c00610697b792f2f25,0x63144b3fdb594078c76747c01c5327b50853c49e,Charbon,3172,0.072,228.38,2024-12-26 16:17:47
T-00524,0x69970382a751bc2439fe00d0d6cfa376c1dd661e,0x8314837111a9febb035cae19712234eb593239d3,Solaire,3368,0.18,606.24,2024-11-28 16:17:47
T-00525,0xf3911bed11dd442c97feb9c1b268edab879829f6,0x62b3dacaca528e1ff078a3a5e6d34a3c8dea45cb,Solaire,4884,0.18,879.12,2024-12-18 16:17:47
T-00526,0x0ff4cf66405590c311688eb84f7e596667b0714b,0xe8bd3f0411f7517fb5b6b536ae8822c74d3ab33d,Éolienne,1959,0.135,264.47,2024-12-07 16:17:47
T-00527,0xce196d35c63841519477952680543a6003dc1baa,0x9ab2453464daf49cefbac26498c6a61761017c43,Éolienne,4135,0.135,558.23,2024-12-09 16:17:47
T-00528,0xa529d2e0c563a474bfb14fa5ff97f92242dc997b,0x994f08429300e76f8419665fa964739b662e72f8,Solaire,3339,0.18,601.02,2024-12-18 16:17:47
T-00529,0xa7d8d6de1a9d52543afe9c5c2f6d8cc247e462db,0x91e186bf3f8ec407391ee3dceb0cd1f6f6ca1b8b,Hydroélectrique,9226,0.09,830.34,2024-12-22 16:17:47
T-00530,0x85baa0c168b797be57e1a0e8fe4b3efea0ab2ba9,0xf1de867ba3eb1121199e843e5bfdd5180c3de0f9,Charbon,9634,0.072,693.65,2024-12-18 16:17:47
T-00531,0xaa7ce6225c8ed9d7226aa1d30aea64174ed871d3,0xc32141bcc3da99ce388c5f4bf0585e0fd53b101b,Charbon,2794,0.072,201.17,2024-12-17 16:17:48
T-00532,0xad164f11e3b87f0b1b44532070e52cf2fd1d75fe,0xbd789430aadd66e879f5ca3a6efcd8e0d8a73d5a,Charbon,7519,0.072,541.37,2024-12-09 16:17:48
T-00533,0xd1914d2bd30253cf26380be9c8e88e14aca08844,0xb1708e3b32769b73a304afb479e539cbdce9e211,Éolienne,3009,0.135,406.22,2024-12-20 16:17:48
T-00534,0x4ce44ec643114d73bd7a168c853c5e749fba795a,0xc6765051834a77508f9026fd613229dce977628d,Gaz,4356,0.108,470.45,2024-11-28 16:17:48
T-00535,0xfa47505a2e6a6938c131ba50a1b0ca67c5e255d3,0x83a6b017cda62de9f37061c91b47205cd251704f,Gaz,7700,0.108,831.6,2024-12-23 16:17:48
T-00536,0xc392fa469493bee6ae66fa3b002f51a08be7ac71,0x28cd1d1d356d85abe88ee05df79e6d261c1606a2,Éolienne,5389,0.135,727.52,2024-12-21 16:17:48
T-00537,0x2032d1ef61868587602a4e4de87d3c6333989f56,0xb70fb9c76b97a757c03f9aaa7f2e74f9844d2884,Solaire,5479,0.18,986.22,2024-11-26 16:17:48
T-00538,0x3860a1619d2038443f565eacd5a477a0cb4a02bf,0x754f1986d6819854c77c34465c7794b20e59ca9e,Gaz,2492,0.108,269.14,2024-12-15 16:17:48
T-00539,0x7f52e201d826e9614e092462a4bbbd3013772bb2,0x8e4eb28ff0e99451e4ad0469abe4e1429e8c2837,Éolienne,7437,0.135,1004.0,2024-12-25 16:17:48
T-00540,0x63f8784ea4edcaafad6c0ab34ef851f63047a1c8,0xcc33443a98a7155f374f37ad7ae239ccca135255,Gaz,1849,0.108,199.69,2024-12-07 16:17:48
T-00541,0x9fac9c693b3cb67c820ad2166f4b9d80c6162c79,0xf01635e10740606b91cf52d30454f43f7e23c856,Éolienne,1079,0.135,145.67,2024-12-01 16:17:48
T-00542,0x03f1c4bdbc205d1c378fbbc4856165db57fb7b8f,0x9eba75218976539245c81049b929e29d52b3e92b,Hydroélectrique,9636,0.09,867.24,2024-12-06 16:17:48
T-00543,0x2dc99c8f6fcea253b8d1239cc17dbb2a33bb64f7,0x5f3bafb84b8c97561056208808e161f9d07ce65e,Éolienne,1250,0.135,168.75,2024-12-03 16:17:48
T-00544,0xd2f46b97aed2d8efa46ffca9a2b3fcc9bca1aac8,0xa28413120db7203e9c78d5e04cfd68008aaa20e3,Solaire,6459,0.18,1162.62,2024-12-06 16:17:48
T-00545,0xe3772e5c6f38bb8429078c7136dc9f96d6f7a2ba,0x938f2dcd4c5822610e3305a167333a5a33723274,Hydroélectrique,5860,0.09,527.4,2024-12-18 16:17:48
T-00546,0x16ae6f8f9687bac4de61ec4645a5c2edca28834e,0x9862941c4e45adb706cf0c3027e92bd742ff9420,Solaire,2438,0.18,438.84,2024-12-13 16:17:48
T-00547,0x403981c3c6887b695b2886c17dbe283b8c7a2058,0xf3a16d94d05cf0fa1a59731ead69791707b9fce0,Gaz,8294,0.108,895.75,2024-11-26 16:17:48
T-00548,0x9445e9832b207f34896510750d2ccd676d3c2ec0,0xe1ac8ac5e30a708babb36263c22ffd18a3cccba7,Éolienne,2592,0.135,349.92,2024-12-24 16:17:48
T-00549,0x9ab2115f76bd68df9a6a1fabc8c980624ccd9e9a,0xbf0ba470c3e2554bca93063a6c2aadf4a24899b6,Gaz,7124,0.108,769.39,2024-12-05 16:17:48
T-00550,0xafe3bfe12a8ec70e0c48a4a383324d132ab4968f,0x4e9d9ded05b847ff660e7a5230f55b00838fd269,Solaire,9752,0.18,1755.36,2024-12-26 16:17:48
T-00551,0xa445408736ea2e12d4393fbfe89b35b3c6f54a0a,0x339a8092f61de29615446c1f4f7da3a2e0089db7,Solaire,9494,0.18,1708.92,2024-11-26 16:17:48
T-00552,0x51395115106b9f84de3de7375cb384472672611e,0xd2e802c04e77f0854098083228bf28919021b038,Charbon,8231,0.072,592.63,2024-12-06 16:17:48
T-00553,0xe40466f45bb8f7b01b013e825cf3d3a8fbd62cc9,0xf2f0a75362335e39711791887fb3202db1d97880,Charbon,4046,0.072,291.31,2024-12-12 16:17:48
T-00554,0x37981cd29984c601298c42b40b01697686758659,0x1a7b538c770a432f6b0d07a1aed50ebd634490bf,Gaz,5776,0.108,623.81,2024-11-26 16:17:48
T-00555,0xf11e71ef67a8c3889aac3883f45fe148a0e406a7,0xde1e524e2b29ce7f3ccf3274cf3d4b373c5e0261,Éolienne,5486,0.135,740.61,2024-12-13 16:17:48
T-00556,0x59a2a76c636802b18b9dfd5249adcbdd7ab3bd28,0x06051476460f082e731dd07dfbdec4657a125682,Charbon,4241,0.072,305.35,2024-12-26 16:17:48
T-00557,0x8d76fac932c5c6045c884f406e9f135dcbeebab3,0xc9e6dd57e328a2401e6f4e7c7c5e76692ca79497,Éolienne,2416,0.135,326.16,2024-12-09 16:17:48
T-00558,0xb23310be230aa5d96f3ec02f2bf1d97ead602caf,0x5eecc3192164769a85a2109c890c93f056e033a2,Charbon,4197,0.072,302.18,2024-12-09 16:17:48
T-00559,0x8e3ec023e4dcf525ccb6fbf6948c87a5eef4436c,0x95c9ac9c266d11625049db7d1d8450e1d6a856d7,Éolienne,3174,0.135,428.49,2024-12-07 16:17:48
T-00560,0x0bcb61ab11aaa6bdae6b4ec939e54467c523037e,0xfefee18668abb9bf173fce844535e14e3573e26b,Éolienne,9680,0.135,1306.8,2024-12-08 16:17:48
T-00561,0x9b231056dd5a1160a845285e85d1f43f42eb4fb2,0xb3f71c3907eeb25e445ed3d647d60ac2b31ca83d,Éolienne,4080,0.135,550.8,2024-12-11 16:17:48
T-00562,0x335ae420aa1b7a4031e46dc6e432cd53222e8ac1,0xfd387eda04a901cba96d5bafa7ae78c2545c428a,Gaz,9478,0.108,1023.62,2024-12-24 16:17:48
T-00563,0x605774dfbe99536f71874029bc4907bf8197aeeb,0xff555406cc9fe1a87f5ab1c1106e63be66d7a544,Solaire,4482,0.18,806.76,2024-12-06 16:17:48
T-00564,0x1825f08de95155614e7f815bc4cdc99132b4b2c0,0x9a44b8ac41decf836b33f5fdc933f36ce8372a09,Éolienne,5392,0.135,727.92,2024-12-08 16:17:48
T-00565,0xafcd4313296d502cbec3509ae4f1a20261165bcf,0xcfd6239bca277369aa2839296a12a2c9e7c4ff73,Éolienne,9355,0.135,1262.93,2024-12-21 16:17:48
T-00566,0xeb101afaaeaf7a5445836689dcda57fb223cccde,0x140bbab724d17df6abab33b522ee40289d65ab48,Hydroélectrique,3556,0.09,320.04,2024-12-02 16:17:48
T-00567,0x0b3ca34b7716802a9cbd541dc0382f57a8a4919c,0xa977a1cde1b9b38f71e22803c2f51ec6edce1b3f,Charbon,8488,0.072,611.14,2024-12-03 16:17:48
T-00568,0x03c8e81ae8444a5d0d8dd16a20c5fdea473d8291,0x88dad404b9ecd0581ea970952606b2f51f9e8d16,Charbon,8186,0.072,589.39,2024-12-25 16:17:48
T-00569,0x67b3c232a81f2abd75a0ec71f82a955a3ac250ba,0xd4ab9d3b7083184c6ac28046a44a28cabc82b3da,Solaire,8169,0.18,1470.42,2024-12-07 16:17:48
T-00570,0x048b3eef2275bde0cdfa6193bbd0b4001519c3e0,0x22dad899052b435721c4830593b524e3b9e051fc,Hydroélectrique,9117,0.09,820.53,2024-11-28 16:17:48
T-00571,0xe3358cb5fb46aecde68e2a2ea0933cd8d042e4dc,0x59eaa2a201107091f2f953c10ea499ee12da6fef,Gaz,39,0.12,4.68,2024-11-30 16:17:48
T-00572,0xbb5bc14b6066e4eb31ab731c71917648d5f3e74c,0xffd8fb2d5e677578285bdb6836c52612186e92d4,Hydroélectrique,4833,0.09,434.97,2024-12-07 16:17:48
T-00573,0xfd173a39bbbe27e7abe92981c04aac6ad5ab59f4,0xc0ea5d313c238f88849b270cdb1cab243a73976a,Éolienne,4897,0.135,661.1,2024-12-26 16:17:48
T-00574,0x41ec82ec853c0864972824c20e9616a2a93104a9,0xcc31c07befba58b091077322bddaf4daf1924045,Charbon,6923,0.072,498.46,2024-12-22 16:17:48
T-00575,0x9ae17bd21064c3e6300bc5f9f9e6181923e3150c,0xefd942bef5097176013a149becc07fe9c98777b8,Charbon,1650,0.072,118.8,2024-12-05 16:17:48
T-00576,0xaa894dcad5dc210044dfd76caddc52d234dbf5d2,0xd56dc2b80784b2792244f71c49d278a1266a6e46,Éolienne,7871,0.135,1062.59,2024-12-19 16:17:48
T-00577,0x40a9a9f7d9cf3c9ea2b1a8b4affcda15b2cf6e92,0xfce6e7c752418b02519887fafd044c9b82b7ed05,Éolienne,1904,0.135,257.04,2024-12-15 16:17:48
T-00578,0x24ab21f99b25570f90e02a304dc5a9d2cff81691,0x0ecef90211f75093bb63513521585b2e038ef70c,Hydroélectrique,9076,0.09,816.84,2024-12-13 16:17:48
T-00579,0x9a8d1059d6fc4e552fa21eac595fedc5660ad916,0x4700997587628d8e392686d5fb8bc06a7382f946,Éolienne,8381,0.135,1131.44,2024-12-16 16:17:48
T-00580,0xdf2c3f0b291137c705fe680f0d7a4d0ca6e987d3,0xcd5a319993fb925183695e195730c9cf68e1a133,Charbon,9433,0.072,679.18,2024-12-21 16:17:48
T-00581,0xbe1d61080020471bd4b28242b1879740dad14c95,0xb0fad1eaf3e12ccd29cb624f70cd8abe4601bc35,Éolienne,5281,0.135,712.94,2024-11-28 16:17:48
T-00582,0x2cd8a8d74b975532ad1715a07dc2b1828780c375,0x195de326911babf8bc9ce423678f8459cd00980d,Hydroélectrique,4497,0.09,404.73,2024-12-20 16:17:48
T-00583,0x8413f42988be1d0e1bc1abe31016831c51740390,0x14088c365cd50359e2d679657a22e28a01b6c6e8,Hydroélectrique,9416,0.09,847.44,2024-12-07 16:17:48
T-00584,0x7bc43d9c1d344dd3db536182bb0169169899a4be,0x1af32fca9638f03af1f2162e665720e67f86f60a,Charbon,2931,0.072,211.03,2024-12-09 16:17:48
T-00585,0x5afbebb7325015502f1a448b71a4c64f8945120b,0x4503441a678f104ead3452987a91f99504ea362f,Gaz,47,0.12,5.64,2024-12-23 16:17:48
T-00586,0x0f316c6676f8900db5fc682af903ce8144c5e5d8,0x104f13ef66d1ff905c30a9609af22abf231642fd,Hydroélectrique,3616,0.09,325.44,2024-12-13 16:17:48
T-00587,0xdc99db3ddebf841aec9154c70460939ed8f3309b,0xfd47837b369df558a28e9b34b05b76c8b8a94df3,Solaire,6219,0.18,1119.42,2024-11-27 16:17:48
T-00588,0x97c4aaa7f3c980ce3e24ea3521a52d75e95b080a,0xac0d62a0283a74eb8d22fc70de45bb13ad68a9e7,Charbon,8090,0.072,582.48,2024-12-10 16:17:48
T-00589,0x450a1ec3f3a13c518c8df2502984d3185c4c270a,0xa762c5861f469f636ab095cd3e164313d1ffbfec,Solaire,4311,0.18,775.98,2024-12-09 16:17:48
T-00590,0xe912fbbbde1b0b98da39c4d32941f10aa3028467,0x38fd9ed82d055dd342cf8a88e3c014ce74a18624,Gaz,9171,0.108,990.47,2024-12-15 16:17:48
T-00591,0xcce75b91ee99e231ada45dcaa3a6cebc247d1ed4,0xa5d93f9ed40a5a526d344ea24854bbbf931ed8dc,Gaz,7505,0.108,810.54,2024-12-24 16:17:48
T-00592,0x1f69c919e295632d79038b6ddcba66ed4d84a06b,0xf6fea7754de6352d2bc00677c52fc4ce14234bbb,Charbon,6326,0.072,455.47,2024-12-15 16:17:48
T-00593,0x02f52af80317bb81d5b045a8a58e9a0e03113c08,0xc51fd92bfaa1947c6cd8176721d16f83d421ad54,Charbon,9404,0.072,677.09,2024-12-02 16:17:48
T-00594,0xd1f98d89eacb9dbce3e61df0ab51c8c5d07be72d,0xb34aad3ce124aa1af89a3b5cfdc8eb7e7f017512,Charbon,61,0.08,4.88,2024-12-06 16:17:48
T-00595,0x117e1ab4c0d8bdbd6ef9fe8727ebdd7b5868a632,0xf9e563c3f64f73d737affe03e14c4b25fb2203d6,Éolienne,1830,0.135,247.05,2024-11-29 16:17:48
T-00596,0x797e06cc7629a07c7b278a335903c7779cb4c244,0xb1768f4d5d04c254ebba41b4ac6f55e85ffefef6,Hydroélectrique,5684,0.09,511.56,2024-11-30 16:17:48
T-00597,0x15a75552d8a8ef6c69335950db9426823b85cf58,0x902d196e0bc75479e4877fffd4cd51e5e81fb01e,Éolienne,2389,0.135,322.52,2024-11-30 16:17:48
T-00598,0xc051043c80d6c6f6dfa8de200eadc86ed4e0a22c,0x4df11219e99d4d0e7c41a533f5d979755402790b,Gaz,3620,0.108,390.96,2024-12-21 16:17:48
T-00599,0x2989130558d4457c420a984bcd91f6096c73f394,0xa0306134d9232d2065cc17fa4fb1aa851b51b541,Hydroélectrique,5099,0.09,458.91,2024-12-24 16:17:48
T-00600,0x469876d2f830f88515680f0aac1d28ac8427d5c4,0xfc760bb3dcaddf364df257e96fcee7339df3a07f,Charbon,7745,0.072,557.64,2024-12-04 16:17:48
T-00601,0xda8dc39456dcd51cc3d62307aeb8f7b7e497537d,0x90b592e74734cca3d5676f3fea8b58ca8ba2d492,Hydroélectrique,6432,0.09,578.88,2024-12-10 16:17:48
T-00602,0x3b77b1117364598b5848c18d65c083504deaddf4,0x32d9e42c8a7946fc5cbe463a75c10506be521b18,Éolienne,3583,0.135,483.71,2024-12-10 16:17:48
T-00603,0xc1c6e57b584233ca39bbddbbc902f9bfeb7ac0ac,0xf2ff292562cf771307f7b124339672cc545d6626,Éolienne,9503,0.135,1282.9,2024-12-02 16:17:48
T-00604,0x1cc9c1c943a04708d5116e50fd87d631d24236de,0xb0938a05744c142cbd9983510fa70c3ac4bcb509,Solaire,8400,0.18,1512.0,2024-12-10 16:17:48
T-00605,0x3051bbf10bd5458b3dbc9e3956a691fc421f52ba,0x99e33aad7bb7c21b63b4ac3e3b7926cd5db19ee7,Solaire,5044,0.18,907.92,2024-11-26 16:17:48
T-00606,0xdbd48d2e5e7a6f0a39aca7a537183cf016ce6d8d,0x85087c004abfa606acb9999c9fe41c4b3d926db5,Hydroélectrique,1349,0.09,121.41,2024-12-13 16:17:48
T-00607,0x529c0679c9d8ff7b44898ce89914713749bb5ed2,0x89fca39761b86041d7fd270284514b03f5a36f83,Éolienne,8480,0.135,1144.8,2024-11-29 16:17:48
T-00608,0x4d1c134b790df0984fb15bdcd520c0d9db5087ab,0x9523d8fd977f80e3d7d2a99b1fbf7cf4087f7537,Gaz,9769,0.108,1055.05,2024-12-05 16:17:48
T-00609,0x03c4eb2a8b7c0d151d4a89cd9c00c2af79d90fbd,0x00e6e9592eb24b10aee8f12b5405bc50d1064005,Gaz,6791,0.108,733.43,2024-11-30 16:17:48
T-00610,0x867e5bc8b0b2056f54d545f5ec6d7450c901e677,0x26e2ae88fa8ddb4b1ccd6bb653df4e6eccf28c2d,Éolienne,5123,0.135,691.61,2024-12-16 16:17:48
T-00611,0x9d7bfbf6165fb582f058db47e12377114bbec665,0xb638c1b8ce8e9bad9485353f7168a5976dc9f21a,Hydroélectrique,3583,0.09,322.47,2024-12-25 16:17:48
T-00612,0xdfa02406b9eae256573e784b8538f41ce359854d,0xcf3632f4feec2eaf76e047a4b16bd22f51f6a742,Charbon,5805,0.072,417.96,2024-11-28 16:17:48
T-00613,0x84c29c2485314962599210c8176fe5437379a0d0,0x465f5d7775fb2ff10848634974ba940f88421d41,Hydroélectrique,5066,0.09,455.94,2024-11-26 16:17:48
T-00614,0xa01d53df6305aeb7859981038620bc27b81499f5,0x8ff5ebe1dd0a96ecd706c3552546cc79bf41a31b,Charbon,8247,0.072,593.78,2024-11-27 16:17:48
T-00615,0x06da507595bc182c2a2c0833921f5c4d4446a169,0xe69fa3c36af00c6acc074352573e297f55c14fb2,Hydroélectrique,6896,0.09,620.64,2024-12-22 16:17:48
T-00616,0x84111f3755272660ae3d482a2a7b989e9b0f9361,0x928e07b8e0e1dc5fd11673901b41418fe63710ff,Hydroélectrique,9365,0.09,842.85,2024-12-07 16:17:48
T-00617,0x85481693c4d338e6b2b6d571122d2163e9d567d2,0x72b96b30595c37ce30c60a8ea1a51e67ed2190bb,Gaz,5206,0.108,562.25,2024-12-11 16:17:48
T-00618,0x8f978f1d054cddb1c41aebda27996bd28d1b9964,0xbe0233e8d193859ebdca4beac1fcf96b79cb87e2,Éolienne,8537,0.135,1152.5,2024-12-06 16:17:48
T-00619,0x5fd900754f8ae135fc63c7483497b85d24feddff,0x5cee30592115ddb55b60e3bcb73927ebdb97dde8,Gaz,1504,0.108,162.43,2024-12-01 16:17:48
T-00620,0xfc730b0039826a4532b331eeb5b23abf51cef1ff,0xb390f514e3ce5f027b30dad4c66f11f94bba15f2,Solaire,3699,0.18,665.82,2024-12-04 16:17:48
T-00621,0xc201828dc9cbcb04e931d096a639259487b74fec,0x3089fbf8e8deea0a260da372cf8bffb9e6f6c09b,Éolienne,4554,0.135,614.79,2024-12-24 16:17:48
T-00622,0x39b00cdf3b09050e21a2055719114d2c4ebdeecf,0x08d883c904a3bcf57446ab985fbaf589971b8af5,Éolienne,6168,0.135,832.68,2024-12-19 16:17:48
T-00623,0x0d161d347e0a59452420cef0f09c77f77dd02589,0xf4e951021f6ddc1902ba4a4ca96664292f1340a9,Solaire,8972,0.18,1614.96,2024-12-21 16:17:48
T-00624,0x2c5a2c6823eb3d77eb3a4fdcda9b66398c99188f,0xa8fb513ac407b8c9c15d5d3c27b5de79bcdaf992,Éolienne,8363,0.135,1129.01,2024-12-07 16:17:48
T-00625,0x9f1c117bc06ffddbe8177a7353fe48c42127cdce,0xb7dbf4cc5b30ade414db3891852cffb71368fa0f,Charbon,2099,0.072,151.13,2024-11-27 16:17:48
T-00626,0x1c0361c27fd46cdf20f5c3c125e7d3bdb7b1f340,0x1468295ce44a7b119b3fef8bb8e68fcc14950c06,Solaire,1933,0.18,347.94,2024-12-01 16:17:48
T-00627,0x22e6ba03c3f3e44587f04682da57a4102739b412,0xc0088f31203354e6e485ecde620d4e096c655b02,Charbon,5566,0.072,400.75,2024-12-20 16:17:48
T-00628,0x78b773d211de980f0bdc4740f1b1a02949d49f2b,0xd3d8ea9ca0323978bb148751066afdbff53f1e7c,Gaz,7590,0.108,819.72,2024-12-16 16:17:48
T-00629,0xf18e940926e7c1613bd50573970ceb0e011b5bdf,0x5b02cea07b21c626a7ab9738a42366038b9c05aa,Hydroélectrique,2129,0.09,191.61,2024-12-03 16:17:48
T-00630,0x0f5abbe8bdf2b828fe2fa62d1d504b1921563b60,0xad820b8e57b98340dd294de6777a9f21b26a3795,Charbon,5949,0.072,428.33,2024-12-05 16:17:48
T-00631,0x246c09b263ab89b80a326a95789c611cfdd744f9,0xa9e8c9e80ef1a576b864a9e2baa771e8adb3ae84,Solaire,1833,0.18,329.94,2024-12-24 16:17:48
T-00632,0x2571d52126dfe42eddf13a63fcac78822d72f19b,0x24d48d4355bb900bc916ef2a2da24779e7002765,Solaire,6064,0.18,1091.52,2024-11-28 16:17:48
T-00633,0xf4009f68836045819746d6ba3aa51a4cd9fb9b5f,0x859e8cb3fed78518db0fd9215f313b4d00d85759,Charbon,5522,0.072,397.58,2024-12-08 16:17:48
T-00634,0xacd9d12b4d8a3e5e936c5d5433c992ad18b5111b,0xbf1aafe7dad672664a95cf896a242e1ea10cb484,Solaire,120,0.2,24.0,2024-12-12 16:17:48
T-00635,0xfa63cb5539c2309cc55233985bc110d01b36b6da,0xbf31855a28f0df480750bb255a01a4ddba6e85a8,Solaire,1615,0.18,290.7,2024-12-04 16:17:48
T-00636,0x3cb94b868e7a5d3e5f39c73963e96da923ac9112,0xa0108327bcf5c6178ed0beb62a74da79d4fb0522,Charbon,1741,0.072,125.35,2024-12-10 16:17:48
T-00637,0x8e40e34f2fb5268c29b0c2a9e14d343e1d5c301b,0x4a3e8e509ca446862e6aa559c3fae185c4691ccc,Charbon,3520,0.072,253.44,2024-12-13 16:17:48
T-00638,0xc2e10b94574fffda34860cf8727c9445b38a5879,0xe6651c812e63ee20ed2d111b3ceb4219a48cac74,Charbon,8592,0.072,618.62,2024-12-11 16:17:48
T-00639,0xb504e281690e4455006976a57637f701c92c220f,0x5be4a2a93b1f7d1b0edeb5541462574b1e183df3,Éolienne,1749,0.135,236.12,2024-12-09 16:17:48
T-00640,0x864ca32efd8e07c1194382689f27cb1e85f6cb47,0x6be7f1b7c77bbb84e64b85905391983666e824e7,Hydroélectrique,3522,0.09,316.98,2024-12-26 16:17:48
T-00641,0x4112de826d6397d7839e82cbb50abc3b7d41a92f,0xa6c1d7085a01b7fb9c1d25d2cd370f3d3d2d3c96,Hydroélectrique,5838,0.09,525.42,2024-12-05 16:17:48
T-00642,0x9e1c1cb7646e7b9c422e1fd85f12fd6ba01283aa,0x81c1c3ec93ea357720f6aae3beec81deaa207c19,Solaire,2145,0.18,386.1,2024-12-18 16:17:48
T-00643,0x7db494b3251bc03ce20ad2ff6cde147a20fe96ca,0xf3e7318548e37e03ecc09e9bf9ea1a6cb1f9b40c,Hydroélectrique,8134,0.09,732.06,2024-12-03 16:17:48
T-00644,0xca0cf133e1a2b7d97e2aac7786c2a1f830005ea5,0xdbef51849d9a1739784149b5814d5e0e2d192b20,Hydroélectrique,7060,0.09,635.4,2024-12-04 16:17:48
T-00645,0x8a13bc9b4c6cdc05a6c48ca97ac7dea20b551e89,0x3c88f4494f57383b86fad0bd3cf8ae2a25b3b43a,Solaire,4406,0.18,793.08,2024-11-28 16:17:48
T-00646,0xf2feb32e192aa98939f27ccdca3f2745b9e6f862,0x30828a26272468e0384aead6f79b20cd88ce39fa,Hydroélectrique,5099,0.09,458.91,2024-12-14 16:17:48
T-00647,0xeb6c2f041efc3f76b98fb0ad09939ea354f7fbd7,0x7f81bc96f407ca8eb5947cd05eda41df95909f4d,Charbon,6360,0.072,457.92,2024-12-21 16:17:48
T-00648,0xa218d1e62ead0ff950073e7c3248bf6b72f69c9c,0x4a356bdb93fd40d3a4df46de0edddd90715b3d20,Hydroélectrique,5029,0.09,452.61,2024-12-02 16:17:48
T-00649,0xf489092af4165e2dad58e82561e37ea09c062bd5,0x18163d70e81d4d85238654daa2ac795c385168f7,Solaire,1837,0.18,330.66,2024-12-02 16:17:48
T-00650,0x721467b7eb75e07af636645f162b1b6562153ef4,0xc2228e2cfc8e2ea259f03ae3fdd614985a1ea587,Gaz,4035,0.108,435.78,2024-12-07 16:17:48
T-00651,0x5ce25f57706073ca9b842ea604638baeaf559657,0x8dc4b2fc1b9dbe89918512304e0d4d2a1c8be992,Éolienne,5750,0.135,776.25,2024-12-18 16:17:48
T-00652,0x2a8d8c01419a66c42cc3bc42e5a5f3d547fc5a90,0x85c968e23af6479d90648e9f057458e0b24fb48a,Hydroélectrique,2011,0.09,180.99,2024-12-04 16:17:48
T-00653,0x38ff0320129fecbee04ce78b32fd8581513b7d33,0x37e4aec99c978bcbcf3a96bfbc99bd0397b94853,Charbon,1809,0.072,130.25,2024-12-08 16:17:48
T-00654,0xcdef8fcb73163d10b1194f7a3d5c6f5cc6cbdf71,0xe7c3e51a05672cd82fa5e96483e7652396aedf7b,Éolienne,8051,0.135,1086.88,2024-12-06 16:17:48
T-00655,0x0da84645835d55c487b8e0322e4fe3889db444ea,0xbba7345ebfb6f78ee94645a1ec9a1d70fb60571f,Charbon,5188,0.072,373.54,2024-12-05 16:17:48
T-00656,0x2651371ac25ec6a5c234ef49118e0c1e8620d0f5,0x88f1504c2e6d483e6e77058358c6c827dbbcb10c,Solaire,2493,0.18,448.74,2024-12-24 16:17:48
T-00657,0xc6af834a9f820141264211b3ece966f26f44fb39,0x7f855704a1cb893681bc754ae5e47f5aca187446,Éolienne,901,0.135,121.64,2024-12-09 16:17:48
T-00658,0xc3df8a2b97041ebe944819418cda97aac773ec79,0xf33a2494df064c7a689b9be7981607db49bde3e2,Hydroélectrique,6366,0.09,572.94,2024-12-05 16:17:48
T-00659,0x9dc2bc85a9aedacda166425381c83cb4b206a5b0,0xbb42733caef9b2d361a4c7a336bf72fc6c082559,Charbon,8585,0.072,618.12,2024-12-08 16:17:48
T-00660,0x00a5f77d2c5627004c6bb43379e9762e709d5e57,0x920813f620eadcb6dcd1544f56ada8d1ad73d682,Hydroélectrique,8242,0.09,741.78,2024-12-20 16:17:48
T-00661,0x5316367dcf1738912f304336128afc0917de5ff9,0xb2138be08a19dac64611a606e993aaf4f5b9698c,Solaire,1187,0.18,213.66,2024-11-29 16:17:48
T-00662,0xb52a975512488220b2ab83aa5c04f299f459d178,0x584277f3d7662fb4bae34f4ae79a866b3e8c364e,Gaz,3125,0.108,337.5,2024-12-10 16:17:48
T-00663,0x708bbba11d102eb0848563a86dd6f8946286f4e4,0xc57e1acd4bb5e67ff39b089aa69b6fb6eeac5af6,Charbon,1530,0.072,110.16,2024-11-30 16:17:48
T-00664,0x728c65530a8cbd8a36ce0854717b558e08bbfa76,0xa3cd2aab4caf65ff4fdd85d90ab28ff4732547f2,Charbon,315,0.08,25.2,2024-12-09 16:17:48
T-00665,0xeda228011701a5b74e5090c4c7d7158e2cabfb5b,0x914466f189b52df956a98052a3405b76d3f803d0,Charbon,8301,0.072,597.67,2024-12-22 16:17:48
T-00666,0x156e308775c373ef14ba06ab3b2856042ca44a07,0x2c01c6d48c56be3922b94efb0ad5377ed72b93a2,Charbon,6275,0.072,451.8,2024-12-18 16:17:48
T-00667,0x47edae48e1fae9ba356a4fe2c72a84d1969bd47d,0xf2526f1c187c72747f469373dbabb90b089e6621,Éolienne,6270,0.135,846.45,2024-12-06 16:17:48
T-00668,0x7fe9ac016e4d74d1dd905a833f04224d7621f760,0x6c637842a5a8db9575202ae3c739a269100f7e9a,Hydroélectrique,5697,0.09,512.73,2024-12-03 16:17:48
T-00669,0xb7b4a852bf8f1a7794ad1b4a002fb2fead440d96,0xa03eb6fdc11de6258c908e3aa3ad8c31522312f0,Charbon,5716,0.072,411.55,2024-12-24 16:17:48
T-00670,0x21cef85621c54bc652ecaf0e9760bfe163b8033b,0x864ad55d596d133c12affee07a91e343ef426016,Charbon,3547,0.072,255.38,2024-12-04 16:17:48
T-00671,0x0a169833b2cd8b7bee85c1749bc4c3417ced9421,0x06e2bdf76c3c136b33f6adc897a3e55c0256a304,Charbon,7345,0.072,528.84,2024-12-12 16:17:48
T-00672,0x49f2a873217f9e8321d357a76cc6d4bf086584d0,0xdcf1165ae2e3dc43ea297025c18221679c2af9d2,Éolienne,3596,0.135,485.46,2024-11-28 16:17:48
T-00673,0xfa6a24db58779fed22d01a0a02ee2294f7600002,0xe4fca5efc916cf835aa9e81fecd217d0affa3048,Éolienne,6086,0.135,821.61,2024-12-09 16:17:48
T-00674,0x29d55b0876c6fa5e8e116d1be00673c8e5b3bdc6,0x19f5b6fc914e76bfa7dd5799ad160c9d80e9314b,Éolienne,6527,0.135,881.15,2024-12-17 16:17:48
T-00675,0xba30aa161b86787128a15ea21366c050646b52ba,0x4b6fddd4d9e4fbb93ad2b68c2037974ee1004178,Gaz,8451,0.108,912.71,2024-12-11 16:17:48
T-00676,0x5417ed2f5a9b2c364178213bc9dbfb56b89a18e4,0x8152aaa59ea86ef1a6a1b5d789228479e62a54c8,Éolienne,6825,0.135,921.38,2024-12-08 16:17:48
T-00677,0x431ec2ecb380e381c69b68581c683d267a7eec58,0x01cad34e9bd905e689e133c8be9560d4eba64a33,Charbon,7974,0.072,574.13,2024-12-24 16:17:48
T-00678,0x2e52b63ec13ae8e1fb3e33cef9aefe99ea76d9d7,0x36d80fb1435f5d1295c0504065f8e7fc497f8f26,Éolienne,9386,0.135,1267.11,2024-12-21 16:17:48
T-00679,0xa9db8b14c277fb2c37db00d45baee4c0d86ed990,0x80b5433b2d7f30a3b31c135b2faa9973609fc2fe,Hydroélectrique,3860,0.09,347.4,2024-11-27 16:17:48
T-00680,0x19acf8cdd6d8542c8b4d2617d33666dcc1aba419,0x277ad3fdaf721e03f80d2bcf17be994607e05124,Gaz,1197,0.108,129.28,2024-12-04 16:17:48
T-00681,0x13a138c603c12f32d3558bdaa78b5f1c413f991d,0xa973c23ee5cc1046a1c40ababdb61257bf269ff2,Solaire,3304,0.18,594.72,2024-12-11 16:17:48
T-00682,0xc83a8395b575ad762b3db373ca241a3ab6c82f47,0x8f0b47de13290c5139b94bb995b918c2d71c3adb,Charbon,1579,0.072,113.69,2024-12-20 16:17:48
T-00683,0x2380844eed5c53b2dd234266388a1f8b49293cab,0x463b73db168b4981395dce4429828459689bcbac,Hydroélectrique,2206,0.09,198.54,2024-12-03 16:17:48
T-00684,0x595e2e08ecaa7fde8a3a4f57db121b4873af38f7,0x194dd1ce8468f8dc2fe3f439d7490a2acaa13cf5,Gaz,6507,0.108,702.76,2024-12-17 16:17:48
T-00685,0x58341dc67a983dedc64bf3eaa58ec6ba6d642ded,0x5986297fda4c52a00da88e1f94506b7bd4e51fae,Gaz,1725,0.108,186.3,2024-12-01 16:17:48
T-00686,0x4f5c66480646a7c55196a0f56ff49fb785769ee4,0x69c9d83f5abe3fefc24b39cd23a153b6bcb4669e,Charbon,1443,0.072,103.9,2024-12-09 16:17:48
T-00687,0xf3797a7b6a24ebb5f1c0335c31d11181c70f74a5,0xf0f53a1b89f792cb9035819042745e98a7da791f,Charbon,5316,0.072,382.75,2024-12-19 16:17:48
T-00688,0x41cfbd36f8db156f150abd508efd2dd3902260cb,0xa47a8594098fd02c7480c510d3daef181b960c37,Gaz,7124,0.108,769.39,2024-12-02 16:17:48
T-00689,0x21f425a4e843d81d44d33ce584fd07b55981fabd,0xef948be9050d7f38486637f034074ea155407138,Éolienne,1465,0.135,197.78,2024-12-11 16:17:48
T-00690,0x69b450848639fb794f923bee23d83c9959aa3fef,0xb3e77ecc0c0b5bad6dbe21d72169a0f923d70ee8,Gaz,3049,0.108,329.29,2024-12-20 16:17:48
T-00691,0x5a986910f8c4a80bd7010a330ad87a7e647caa75,0xb2923fe7664fe1967e53066295ccee0844c6c7e7,Éolienne,7948,0.135,1072.98,2024-11-28 16:17:48
T-00692,0x6ebaf50b31467aeb18915903296a5aa642791d3a,0x0ed348674761c625258246cdd7f31ce5eea02fde,Éolienne,7887,0.135,1064.75,2024-12-16 16:17:48
T-00693,0x501fb1433b12841a6aee051cb28cc2a7b0c0f19a,0x6268c798f5b77ddf4164c2730d93f6369233a88e,Gaz,5041,0.108,544.43,2024-12-10 16:17:48
T-00694,0x9ed6d1b4298e121fccf598e0bebbb2d4193d15fc,0xef7feea2cd3a9e6cb0c22d98f3bf268a2279812b,Gaz,4243,0.108,458.24,2024-12-07 16:17:48
T-00695,0xef16bf3b010dff41c1903a0ffb7375b6d9708087,0xbbb04a734ee05f6f95faca6c87a62a54f9248676,Solaire,8841,0.18,1591.38,2024-12-13 16:17:48
T-00696,0x3c313d95729a2938b19c7be79df12f2fa7e9d97b,0xb4e27da4fad573d4cdc1f30d198dbf49f9ae7c3c,Hydroélectrique,5551,0.09,499.59,2024-12-18 16:17:48
T-00697,0x6f907aca77c5a3fbe3bca825e850b221ef90c41d,0x25b081ba9990cfcab7e276777f6e334bf6c8d030,Éolienne,2185,0.135,294.98,2024-12-04 16:17:48
T-00698,0xdccfc1920b1bb7049f56ff7fafafc022dd08fccf,0x5bb84cb83c36093e23536ae09758ba6c4c7d816d,Solaire,6801,0.18,1224.18,2024-12-20 16:17:48
T-00699,0x9cde8740ef377369c83f800d11ca8f089d63041a,0xc92bf492f048a6ff1653921ce9a5b86adfb3ccb2,Charbon,8484,0.072,610.85,2024-12-20 16:17:48
T-00700,0xf8030165f53532a464aa72333deafb63d4db0b0f,0xb2f7296861d7d09d91da5183b2c2c9875796335d,Solaire,9452,0.18,1701.36,2024-12-11 16:17:48
T-00701,0x80c8110fc9cc1aa26c2c3cf0db3d20f1c4c0444d,0xa922f14b50fe92e08a94809cfe02a25730d585af,Gaz,6282,0.108,678.46,2024-11-29 16:17:48
T-00702,0xdf24293c9a4f8276dcb5356c340875f315beaca8,0xa92f0accda261bdf8a35aed8ec8d7ba8a3d28a73,Éolienne,6566,0.135,886.41,2024-12-05 16:17:48
T-00703,0x27a2588c6e7c109b7e5b085ccb653ef6b9a0d163,0xca8fa81cd941dc0587a42690b2e2ec96fe4e94a3,Gaz,7723,0.108,834.08,2024-12-21 16:17:48
T-00704,0x610cbf1cfab40eb02d45631ba5b20d860dc0f2c1,0x32a0398698cb8a6f1ddab78c1bae511952ede703,Gaz,3485,0.108,376.38,2024-12-03 16:17:48
T-00705,0x6808bb90c0ffa46eea92692d0f9d36127b20efc4,0xce2a86b8ed1b839d661187b5aeff5479ea8fee1b,Hydroélectrique,127,0.1,12.7,2024-11-27 16:17:48
T-00706,0x231756184397409d59c2ea2b06abddfd0ae4c6ec,0x6d4002620a52ef02c0ad7f6e1b4db67916346665,Solaire,6608,0.18,1189.44,2024-12-24 16:17:48
T-00707,0x117c21dbf8c45e42490b5bdfed5d78aff936bce1,0x0e931aa7d1a1734bece1bf214a3903f3d6de3f74,Charbon,8197,0.072,590.18,2024-12-13 16:17:48
T-00708,0x3922bf4e260f5c1fdc03bf7e6d4ef2628d4fce99,0xbbabb03d33ef1ea5f96ea8942b01bcbb3a6240f9,Éolienne,2324,0.135,313.74,2024-12-15 16:17:48
T-00709,0x1fc558f7a4450d16b3f2554d5e5c5f1e6277ed61,0x7f8f257032447f37f5347385b06e57d770653e84,Éolienne,8921,0.135,1204.34,2024-12-12 16:17:48
T-00710,0x36bd82567b72f2b9a73acb6a3f88794d6d163f29,0x8825790304bf501b8fb33cf68de0493aa0ad03be,Hydroélectrique,3420,0.09,307.8,2024-11-27 16:17:48
T-00711,0x2cce9ab7306c71a9ce1c5041d3cc6d45d1dc0665,0x8401dcf4221795d788594dc329c2621adeb64388,Solaire,5123,0.18,922.14,2024-11-28 16:17:48
